2799 3569
1095 182 1471 230 ψῃ..

197 322 490 377 Gernliardio
525 320 718 382 iniquius
755 318 939 385 explosi
973 318 1239 368 observatio
1275 321 1501 386 pertinet,
1542 334 1605 368 ex
1641 334 1727 383 qua
1763 336 1844 367 nec
1864 346 1891 358 —
1911 322 2085 380 quidem
2118 319 2239 369 idem
2272 319 2373 370 fere

197 411 256 455 sit
290 402 413 469 quod
447 405 579 449 etiam
612 416 667 446 ue
684 426 711 437 -
729 402 924 460 quidem,
973 397 1054 448 vel
1089 398 1189 459 ubi,
1236 406 1285 448 ut
1329 399 1430 449 aliis
1475 388 1632 448 verbis
1677 404 1800 459 utar,
1843 416 1899 447 ne
1917 427 1943 436 -
1963 403 2136 460 quidem
2173 398 2372 466 copulae

195 486 339 535 forma
391 489 437 532 et
487 482 535 528 vi
572 477 957 545 praecedentibus
1009 481 1268 528 sententiae
1312 481 1416 529 sive
1457 478 1721 528 affirmantis
1765 481 1870 529 sive
1914 482 2128 544 negantis
2163 480 2372 529 membris

196 553 445 614 adiiciatur.
514 559 820 608 Luculentum
855 557 1078 608 formulae
1129 577 1210 606 nec
1228 588 1254 598 -
1273 563 1443 621 quidem
1494 558 1850 627 praecedentem
1902 562 2198 624 negationem
2235 563 2370 610 exci-

196 647 362 713 pientis
399 638 658 705 exemplum
691 645 897 705 praestat
932 637 1106 689 Cicero
1144 639 1206 689 de
1240 639 1335 690 div.
1369 641 1415 701 l,
1451 639 1507 689 9:
1559 641 1665 689 Non
1698 657 1857 701 quaero
1891 657 1993 698 eur,
2029 645 2232 702 quoidam
2268 645 2376 702 maid

197 728 362 772 eveniat
394 722 589 779 intelliyo
626 756 636 766 .
675 755 687 767 .
724 756 733 766 .
769 736 850 768 nec
885 721 966 767 hoc
993 723 1166 781 quidem
1194 737 1381 781 quaero,
1423 738 1504 769 cur
1535 724 1643 769 haec
1678 724 1809 769 arbor
1842 737 1932 768 una
1968 730 2033 767 ter
2063 723 2248 783 floreat,
2294 731 2375 770 aut

197 820 275 852 cur
317 802 473 847 armai
516 803 813 846 maturitatem
848 805 964 858 etc.,
1017 797 1090 846 ubi
1126 797 1443 848 Gernbardius
1492 814 1594 848 cum
1629 800 1912 863 Hottingero
1962 817 2017 847 ne
2059 802 2151 846 'hoc
2198 804 2371 860 quadem

196 880 402 930 malebat.
472 879 576 927 Fin.
610 879 656 939 Ι,
703 877 790 927 13:
849 880 1045 936 Quamm
1087 878 1432 945 [cupiditatum]
1480 897 1533 927 ea
1575 884 1690 928 ratio
1725 888 1813 936 est,
1866 887 1917 925 ut
1965 883 2239 927 necessariae
2290 897 2371 928 nec

197 977 330 1020 opera
362 961 524 1017 ntulta,
560 975 641 1005 nec
676 963 874 1018 impensa
909 961 1197 1017 easslemttur:
1230 976 1287 1005 ne
1320 961 1541 1006 naturales
1575 962 1749 1021 quidem
1781 962 1920 1007 nwlta
1955 963 2225 1017 desiderant,
2257 976 2369 1019 pro-

193 1048 346 1099 pterea
380 1042 497 1098 quod
525 1048 686 1086 namra
719 1042 819 1098 ipsa
856 1040 1029 1084 divitias
1054 1072 1066 1084 .
1098 1073 1141 1084 ..
1175 1040 1329 1095 habet,
1364 1038 1436 1086 ubi
1472 1040 1666 1103 optimus
1701 1037 1860 1087 codex
1898 1036 2101 1102 Glogav.
2135 1055 2216 1086 nec
2235 1047 2369 1086 natu-

195 1122 312 1165 rales
346 1122 544 1178 attidem,
581 1117 704 1181 quod
740 1134 833 1165 uon
870 1123 944 1165 est
978 1132 1063 1165 cur
1099 1133 1380 1183 respuamus.
1448 1118 1568 1167 Mox
1601 1133 1720 1168 vero
1755 1133 1796 1167 c.
1836 1117 1926 1177 15,
1965 1117 2040 1166 ubi
2074 1135 2129 1166 ne
2159 1120 2374 1180 fortitudo

197 1202 369 1259 quidem
402 1196 634 1262 vulgatur,
669 1213 727 1245 an
749 1195 915 1246 eodem
951 1195 1118 1246 codice
1145 1203 1353 1257 auctore,
1387 1198 1565 1261 quicum
1589 1197 1663 1244 alii
1702 1199 1997 1246 consentiunt
2031 1196 2149 1257 libri,
2183 1214 2264 1244 nec
2284 1204 2373 1246 etc.

196 1276 509 1345 reponendum
538 1280 611 1336 nit,
646 1278 855 1342 ancipiti·
878 1281 952 1325 est
973 1275 1140 1325 iudicii.
1190 1276 1271 1325 Ex
1299 1276 1462 1327 eodem
1487 1291 1665 1341 genere
1692 1284 1798 1325 sunt
1815 1277 1893 1325 illa
1910 1276 1973 1325 de
1990 1276 2105 1325 Nat.
2123 1278 2269 1326 Deor.
2288 1276 2375 1336 111,

196 1357 244 1416 9,
279 1357 370 1405 23:
405 1359 538 1405 Nihil
551 1361 685 1417 iyitur
702 1358 838 1419 affert
849 1366 978 1416 pater
994 1359 1071 1403 ille
1090 1356 1357 1413 Stoicorum,
1390 1373 1524 1417 quare
1541 1360 1748 1405 mundum
1767 1362 1934 1405 ratione
1959 1361 2026 1405 uti
2039 1366 2259 1418 putenm,
2295 1374 2376 1405 nec

196 1456 275 1486 cur
292 1443 553 1485 ariinmotem
570 1441 741 1498 quidem
761 1454 870 1494 esse,
890 1436 964 1485 ubi
984 1435 1274 1486 Gernhardio
1291 1453 1347 1485 ne
1363 1435 1584 1502 placebat.
1603 1436 1831 1503 Apuleius
1847 1438 2035 1487 Metam.
2048 1435 2185 1485 VIII.
2202 1454 2246 1503 p.
2259 1435 2375 1485 573.

197 1517 270 1567 ed.
293 1516 506 1567 Oudend.
534 1521 703 1565 aeinecm
728 1521 860 1575 vides,
898 1522 960 1565 ad
986 1535 1092 1564 usus
1124 1534 1271 1565 omnes
1300 1502 1508 1578 quietim,
1544 1533 1629 1565 non
1667 1520 1939 1575 mordacem,
1975 1533 2056 1565 nec
2093 1519 2376 1564 calcitronem

196 1602 382 1659 attidem.
438 1597 514 1645 Ac
550 1613 603 1645 re
637 1613 752 1645 vera
789 1599 1020 1661 posterius
1053 1614 1135 1644 nec
1169 1599 1260 1646 vim
1296 1596 1464 1646 habere
1495 1595 1719 1646 formulae
1753 1605 1796 1643 et
1828 1596 1908 1645 vel
1946 1601 2077 1645 etiam
2110 1613 2189 1655 ne,
2231 1595 2374 1646 docet

197 1678 436 1726 manifesto
455 1675 573 1725 alius
593 1676 798 1726 eiusdem
816 1677 930 1737 libri,
966 1679 1075 1724 utin
1095 1676 1186 1726 hoc
1205 1679 1520 1737 consistamuS,
1557 1675 1691 1725 locus
1709 1675 1793 1725 IV.
1830 1692 1873 1742 p.
1900 1675 2001 1725 258
2023 1693 2132 1738 quas
2157 1693 2238 1724 nec
2264 1680 2372 1724 sub-

199 1761 353 1815 levare,
387 1775 525 1818 neque
551 1761 777 1814 dimovere,
814 1774 868 1805 ac
887 1773 941 1805 ne
960 1761 1236 1818 perfringere
1253 1760 1420 1818 quidem
1444 1760 1568 1804 nobis
1594 1759 1831 1813 videbatur,
1867 1758 1932 1803 uti
1960 1755 2249 1804 scribendum
2285 1761 2374 1815 est,

199 1841 300 1904 ipso
335 1837 668 1904 Oudendorpio
703 1837 906 1887 docente
941 1855 995 1885 ac
1030 1855 1135 1895 nec,
1189 1836 1314 1902 quod
1348 1835 1581 1901 vulgatur,
1615 1837 1802 1885 retineri
1838 1851 1928 1884 non
1965 1851 2136 1902 posse,
2172 1834 2285 1883 illud
2319 1851 2376 1883 ne

199 1917 459 1983 complures
494 1917 664 1966 habent
702 1916 878 1967 Codd.:
916 1917 1067 1964 nullus
1102 1932 1220 1965 vero
1256 1934 1311 1964 ac
1345 1918 1513 1965 omittit.
1566 1914 1744 1966 Contra
1764 1930 1883 1964 vero
1919 1918 1965 1963 iu
1999 1915 2071 1964 his
2088 1913 2176 1963 lx-
2211 1932 2254 1981 p.
2274 1913 2377 1963 674

199 2014 252 2043 ac
289 2000 436 2043 diebus
466 2000 684 2058 plusculis
715 2014 800 2043 non
833 2000 991 2043 vidisse
1025 2000 1197 2056 quidem
1231 1999 1356 2043 illum
1374 1998 1648 2043 hortulanum
1669 1999 1889 2043 con-tendit
1920 1994 2167 2058 legendum
2200 2011 2255 2041 ne
2287 2010 2372 2059 pro

198 2095 305 2136 non,
342 2077 464 2142 quod
503 2079 800 2126 coniecturae
835 2075 1056 2136 debetur,
1093 2075 1197 2124 dum
1217 2075 1369 2127 Codd.
1404 2093 1486 2124 nec
1519 2074 1701 2124 habent.
1745 2074 2373 2135 Forinulaeacne-quidem

198 2157 413 2223 exempla
448 2157 664 2205 Tulliana
699 2160 940 2222 congessit
974 2156 1242 2221 Madvigius
1278 2175 1321 2224 p.
1356 2155 1466 2205 826.
1510 2156 1627 2204 Tac.
1663 2155 1783 2204 Dial.
1818 2155 1879 2205 de
1914 2161 2082 2205 orator.
2117 2152 2207 2202 29:
2265 2155 2367 2202 Nec

195 2246 501 2297 praeceptores
530 2240 702 2298 quidem
735 2239 853 2284 ullas
879 2241 1116 2285 crebriores
1143 2254 1242 2285 cum
1268 2241 1531 2285 auditoribus
1556 2241 1648 2283 suis
1672 2238 1850 2297 fabulas
1874 2239 2041 2283 habent.
2095 2236 2148 2283 In
2168 2233 2364 2284 Catonis

197 2317 258 2365 de
295 2320 557 2367 innocentia
592 2335 676 2366 sua
711 2321 930 2366 orationis
971 2318 1128 2382 fragm.
1163 2335 1235 2383 ap.
1271 2317 1430 2366 Isidor.
1466 2316 1596 2381 orig.
1630 2303 1757 2376 XX,
1793 2314 1849 2376 3,
1885 2315 1916 2364 8
1953 2315 2194 2380 vulgatur:
2258 2317 2367 2363 Ciam

197 2411 336 2444 essem
369 2402 415 2445 in
446 2402 670 2458 prooirwia
706 2400 899 2457 leyatus,
937 2416 1066 2459 quam
1097 2401 1249 2458 plures
1285 2403 1346 2446 ad
1371 2407 1594 2457 praetores
1614 2407 1657 2444 et
1685 2398 1883 2444 consides
1915 2399 2058 2443 numm
2091 2398 2368 2443 honorarium

199 2480 386 2524 dabant:
436 2495 670 2538 numquam
705 2482 879 2538 accepi,
922 2495 1002 2524 nec
1034 2482 1232 2537 privatus
1266 2481 1454 2538 quidem,
1516 2476 1589 2523 ubi
1624 2476 1826 2541 Meyero
1872 2475 2064 2540 aliisque
2107 2493 2162 2523 ne
2206 2475 2370 2540 reponi

107 2593 111 2599 .
197 2557 453 2605 iubentibus
498 2558 635 2605 miror
678 2557 944 2624 adstipulari
977 2558 1221 2606 Klotzium
1264 2559 1467 2623 potuisse
1518 2559 1565 2603 in
1600 2556 1769 2605 Annal.
1804 2572 1833 2603 a
1868 2571 1922 2605 se
1958 2563 2006 2605 et
2038 2553 2197 2603 Iabnio
2231 2551 2370 2601 editis

49 2627 66 2649 '⁸
109 2674 111 2690 ἴ
199 2636 309 2685 Vol.
345 2635 454 2685 XL.
489 2653 533 2702 p.
568 2635 692 2696 389,
747 2645 877 2685 recte
929 2639 1062 2684 istum
1107 2637 1259 2685 locum
1302 2641 1670 2703 interpretantem
1709 2653 1813 2695 „zu
1858 2635 2022 2682 keiner
2055 2633 2199 2692 Zeit,
2249 2630 2371 2680 auch

112 2730 116 2755 π·
200 2714 320 2764 daun
355 2715 503 2776 nicht,
537 2715 609 2764 als
643 2716 718 2764 ich
736 2717 1029 2765 Privatmann
1058 2721 1207 2764 war.“
1253 2716 1415 2780 Potest
1437 2733 1553 2765 vero
1578 2719 1712 2765 etiam
1735 2717 1859 2779 prius
1894 2711 2134 2761 membrum
2169 2713 2372 2770 reticeri,

203 2798 241 2842 si
278 2795 399 2859 quod
436 2795 737 2863 supplendum
772 2802 868 2859 est,
904 2813 968 2847 ex
1001 2796 1384 2863 praecedentibus
1417 2794 1554 2844 facile
1593 2794 1849 2858 colligitur,
1896 2798 1945 2841 ut
1978 2791 2088 2841 loco
2124 2789 2373 2842 Ciceronis

202 2874 262 2923 de
297 2891 396 2924 sen.
431 2876 643 2935 laudato,
695 2879 771 2942 qui
800 2871 1098 2928 'Gernbardio
1143 2893 1200 2926 ea
1242 2876 1303 2926 de
1346 2891 1393 2924 re
1438 2873 1696 2925 disserendi
1738 2889 1894 2921 ansam
1937 2871 2091 2934 dedit,
2146 2889 2228 2920 nec
2260 2887 2376 2919 mmc

204 2959 373 3014 quidem
406 2961 518 3004 vires
554 2961 751 3005 desidero
786 2961 1088 3006 adulescentis.
1132 2952 1220 3006 His
1250 2959 1367 3008 enim
1397 2956 1554 3004 verbis
1589 2971 1618 3002 a
1651 2953 1944 3018 digressione
1962 2951 2149 3001 Tullius
2184 2950 2245 3000 ad
2282 2966 2376 3000 rem

206 3049 331 3081 suam
358 3040 627 3097 revertitur,
662 3038 750 3085 hac
774 3041 1024 3087 sententia:
1062 3054 1243 3102 „neque
1261 3044 1394 3096 antea
1417 3034 1681 3084 desideravi
1705 3036 1834 3082 vires
1859 3031 2192 3091 adulescentis,
2227 3046 2376 3096 neque

206 3128 329 3167 nunc
361 3115 539 3177 quidem
575 3117 792 3167 desidero
818 3133 967 3167 senex
986 3117 1180 3167 factus.‘⁶
1226 3117 1368 3166 Nulla
1399 3118 1536 3181 igitur
1569 3133 1598 3163 a
1633 3114 1823 3178 vulgata
1858 3112 2062 3163 lectione
2099 3128 2202 3162 cum
2220 3110 2375 3161 Geru-

1970 3194 1998 3234 2
2014 3192 2036 3217 ἢ
