2799 3569
1199 172 1247 178 -
1351 141 1564 206 13«.-

1287 367 1333 417 ς.
1386 357 1467 408 34.

393 518 523 562 Licet
549 519 691 557 tamen
718 509 841 555 nobis
867 511 913 556 in
939 509 1275 568 diyressionibtw
1310 509 1376 555 uti
1409 508 1478 554 vel
1499 507 1703 555 historico
1730 521 2033 568 nmmtmquam
2067 509 2231 563 nitore,
2271 510 2373 552 dum

393 601 439 642 in
472 596 553 647 his,
590 590 643 635 de
664 590 817 648 qm'bus
834 591 919 636 erit
934 591 1143 648 quaestio,
1179 588 1497 635 meminerimus
1520 602 1606 635 non
1635 589 1895 636 athletarum
1916 591 2037 645 toris,
2073 590 2156 634 sed
2186 588 2374 633 militum

394 674 567 720 lacertis
587 684 697 727 opus
725 685 848 716 esse:
881 669 1290 716 necversicolorem
1313 667 1462 724 illem,
1496 681 1584 728 qua
1599 668 1855 716 Demetrius
1872 668 2119 715 Phalereus
2148 670 2370 714 dicebatur

388 754 474 807 uti,
509 756 668 796 vestem
705 749 808 795 bene
843 751 905 795 ad
933 749 1154 808 forensem
1184 748 1407 807 pulverem
1438 747 1601 807 sacae.

289 923 373 974 Sic
426 918 582 970 addito
634 917 696 968 de
748 920 1018 968 coniectura
1076 918 1224 969 verbo
1285 935 1422 980 optas,
1490 916 1614 985 quod
1666 917 1724 968 ab
1779 917 1986 969 omnibus
2051 916 2187 968 codd.
2240 919 2471 978 omittitur,

293 1001 594 1071 Spaldingius
628 999 800 1049 affecto
834 999 944 1049 loco
981 1014 1257 1049 succurrere
1293 997 1486 1061 studuit,
1538 997 1810 1061 adiuvante,
1863 1003 1914 1049 ut
1949 999 2158 1065 putabat,
2210 1001 2312 1066 ipso
2348 998 2469 1048 Flo-

291 1086 492 1141 rentino,
546 1084 652 1128 toris
706 1087 754 1131 et
800 1082 976 1128 mcertis
1010 1070 1295 1141 exhibente,
1348 1078 1471 1145 quod
1510 1094 1633 1129 nunc
1668 1082 1805 1131 etiam
1837 1082 1885 1129 in
1920 1079 2078 1129 Bamb.
2115 1085 2346 1147 repertum
2381 1085 2470 1140 est,

288 1181 419 1229 quum
455 1165 499 1209 in
535 1162 708 1210 ceteris
744 1160 952 1209 omuibus
989 1166 1119 1209 esset
1139 1161 1451 1210 accusativus
1499 1158 1710 1230 Eandem
1731 1160 1981 1211 lectionem
2000 1159 2305 1210 Enderleinio
2345 1166 2467 1210 teste

287 1244 426 1292 docta
461 1241 612 1305 aliqua
645 1257 805 1288 manus
841 1239 1094 1306 exemplari
1130 1234 1424 1305 Hittorpiano
1464 1242 1552 1290 iam
1585 1238 1911 1306 adscripscrat.
1979 1240 2254 1302 Probarem,
2300 1241 2340 1288 si
2374 1256 2465 1306 quo

287 1322 421 1371 inodo
466 1338 575 1381 opus
611 1318 861 1381 exciderit,
908 1318 1210 1369 demonstrari
1256 1323 1433 1386 posset.
1503 1318 1826 1386 ‘Improbarunt
1871 1322 2007 1370 etiam
2052 1318 2371 1371 Frotscherus
2419 1326 2467 1369 et

286 1400 601 1451 Gernhardius
654 1400 848 1464 aliique,
902 1400 1065 1465 quibus
1117 1401 1253 1448 etiam
1288 1395 1529 1466 Zumptius
1582 1415 1694 1450 sese
1747 1399 1977 1449 adiunxit:
2030 1417 2220 1465 quorum
2255 1399 2335 1449 ille
2370 1417 2467 1447 esse

286 1481 505 1548 explicuit
541 1481 691 1530 locum
728 1479 924 1542 habere,
959 1479 1035 1528 hic
1058 1479 1236 1541 valere,
1271 1494 1391 1544 quae
1417 1478 1474 1527 ad
1499 1477 1620 1529 idem
1654 1479 1757 1530 fere
1782 1479 1998 1541 redeunt,
2036 1486 2228 1544 uterque
2263 1479 2466 1546 exempli

285 1563 432 1627 gratia
466 1561 575 1611 loco
612 1561 753 1610 allato
791 1560 863 1621 V,
917 1560 975 1623 8,
1029 1558 1089 1622 3,
1142 1562 1217 1626 qui
1263 1568 1293 1606 a
1336 1565 1496 1609 nostro
1543 1559 1686 1610 valde
1731 1558 1949 1610 diversus
1984 1566 2070 1609 est.
2140 1559 2278 1609 Hanc
2312 1564 2465 1609 autem

286 1640 639 1708 explicationem
675 1658 766 1706 quo
804 1642 951 1689 minus
986 1640 1199 1707 probem,
1244 1655 1305 1689 eo
1340 1639 1606 1706 prohibeor,
1653 1639 1778 1706 quod
1824 1642 2062 1707 scriptoris
2098 1657 2225 1690 mens
2262 1656 2354 1690 non
2391 1644 2466 1689 est

286 1736 550 1790 exponere,
586 1720 694 1788 quid
729 1723 774 1769 in
809 1722 934 1782 istis,
971 1719 1032 1770 de
1068 1720 1229 1786 quibus
1266 1721 1473 1786 quaestio
1508 1724 1607 1782 est,
1642 1719 1795 1770 locum
1828 1719 2010 1783 habeat,
2047 1719 2132 1770 sed
2167 1722 2322 1788 potius
2357 1718 2466 1785 quid

285 1805 327 1850 in
366 1805 419 1850 iis
453 1802 606 1852 locum
640 1802 838 1863 babere,
874 1802 955 1852 vel
990 1819 1081 1851 non
1119 1801 1293 1852 habere
1322 1799 1500 1851 debeat.
1569 1799 1779 1852 Felicior
1813 1817 1931 1853 vero
1948 1800 2264 1852 Frotscherus
2300 1800 2385 1851 fuit
2419 1803 2467 1850 in

285 1882 522 1931 refutanda
556 1882 710 1950 Sarpii
748 1881 938 1943 Quaest.
983 1898 1024 1932 c.
1059 1882 1107 1931 7.
1140 1900 1185 1950 p.
1220 1883 1289 1932 52
1323 1883 1573 1945 sententia,
1624 1880 1762 1944 hanc,
1797 1899 1929 1948 quam
1964 1881 2298 1943 desideramuS,
2337 1881 2468 1931 verbi

284 1961 482 2011 debendi
518 1966 751 2012 notionem
787 1962 991 2029 suppleri
1028 1979 1174 2029 posse
1210 1961 1460 2012 secundum
1479 1961 1680 2023 dicendi
1721 1962 2104 2013 consuetudinem
2139 1969 2230 2013 tam
2265 1961 2465 2019 Graecis

285 2058 416 2104 quam
449 2041 631 2090 Latinis
665 2041 929 2092 familiarem
967 2044 1308 2109 praecipientis,
1344 2059 1434 2107 qua
1463 2048 1571 2110 post
1605 2042 1766 2103 verba,
1802 2042 1965 2107 quibus
1999 2045 2179 2093 inesset
2213 2042 2463 2093 voluntatis

285 2120 366 2168 vel
394 2122 632 2187 praecepti
653 2121 944 2185 significatio,
979 2121 1170 2170 verbum
1189 2123 1278 2172 δεῖν
1308 2124 1448 2172 omitti
1468 2122 1660 2182 soleret,
1694 2124 1808 2170 utin
1825 2121 1917 2169 illis
1946 2121 2012 2183 X,
2047 2121 2095 2181 7,
2131 2121 2220 2180 283
2263 2125 2464 2169 Ciceroni

282 2202 444 2261 placet,
480 2202 649 2248 inultum
666 2210 860 2249 nostrum
875 2218 1059 2264 usquam
1077 2204 1365 2262 neqliqentem
1381 2219 1474 2251 esse
1488 2218 1741 2250 sennonem.
1797 2199 1974 2262 Quibus
1994 2209 2124 2251 recte
2142 2198 2461 2250 Frotscherus

283 2282 524 2345 opposuit,
577 2297 669 2329 non
715 2279 908 2331 eandem
943 2297 1055 2331 esse
1091 2284 1182 2331 vim
1218 2282 1349 2332 verbi
1383 2286 1699 2331 meminerim
1740 2296 1799 2332 ac
1835 2280 1967 2331 verbi
1999 2284 2176 2342 placet‚·
2227 2278 2398 2330 deinde
2432 2295 2462 2328 a

285 2363 445 2407 nostro
480 2359 600 2409 alter
634 2360 770 2410 locus
807 2363 942 2411 etiam
978 2377 1038 2411 eo
1074 2360 1246 2424 differt,
1281 2360 1404 2427 quod
1430 2363 1471 2410 in
1493 2361 1586 2412 hoc
1621 2361 1800 2427 qualem
1834 2360 2019 2427 placeat
2053 2376 2163 2411 esse
2202 2375 2460 2410 sermonem

282 2436 464 2487 adiecta
496 2454 622 2489 voce
656 2444 944 2503 neyliyentem
980 2441 1263 2491 declaratum
1298 2448 1398 2501 est,
1440 2443 1501 2490 ita
1542 2445 1591 2491 ut
1624 2440 1749 2506 quod
1784 2438 2006 2492 Ciceroni
2040 2440 2232 2508 placere
2265 2439 2461 2501 dicatur,

282 2517 328 2566 id
362 2535 447 2584 pro
481 2526 735 2586 praecepto
770 2520 929 2571 haberi
968 2523 1140 2588 possit,
1177 2521 1301 2587 quod
1336 2537 1428 2571 non
1458 2521 1509 2571 fit
1542 2523 1586 2570 in
1622 2520 1732 2571 loco
1768 2526 1954 2583 nostro,
1990 2522 2122 2570 cuius
2158 2519 2300 2570 lectio
2335 2518 2458 2570 Sar-

281 2598 416 2664 piana
448 2615 541 2648 non
575 2600 710 2649 alium
733 2599 904 2652 habere
923 2607 1082 2669 potest
1103 2617 1288 2652 sensum
1306 2618 1436 2668 quam
1453 2606 1502 2650 ut
1521 2600 1795 2662 doceamur,
1829 2603 1986 2651 inesse
2021 2600 2202 2647 militum
2236 2599 2461 2660 lacertos,

281 2693 375 2726 non
413 2676 683 2730 athletarum
718 2685 870 2742 toros3
917 2696 1037 2747 quae
1084 2683 1313 2731 sententia
1357 2682 1532 2731 minime
1574 2683 1810 2748 praecepti
1855 2681 2058 2747 speciem
2091 2694 2205 2746 prae
2252 2695 2308 2729 se
2353 2678 2460 2740 fert,

281 2756 367 2805 sed
402 2757 570 2809 factum
604 2761 791 2828 aliquod
825 2762 1092 2829 simpliciter
1126 2766 1323 2810 enarrat.
1392 2759 1577 2810 Accidit
1621 2760 1696 2810 hic
1730 2758 1858 2819 mihi,
1906 2765 1954 2808 ut
1989 2758 2113 2824 quod
2147 2758 2459 2810 coniectando

282 2843 564 2887 consecutus
598 2857 723 2902 sum,
759 2846 807 2890 et
823 2857 914 2906 quo
949 2840 1010 2889 ad
1031 2840 1362 2890 restituendum
1384 2840 1531 2890 locum
1566 2839 1676 2888 nihil
1710 2841 1883 2890 certius
1916 2840 2114 2906 proponi
2148 2854 2295 2906 pooee
2330 2846 2459 2907 puto,

280 2915 612 2969 Sichardianae
646 2923 923 2972 auctoritate
956 2920 1267 2971 confirmatum
1305 2922 1573 2989 repererim,
1618 2921 1785 2986 quippe
1821 2919 1866 2967 in
1901 2935 1991 2985 qua
2025 2934 2118 2968 non
2152 2918 2303 2969 solum
2334 2936 2459 2980 opus,

280 2996 368 3045 sed
404 2999 538 3047 etiam
573 3001 765 3050 verbum
800 3021 896 3051 esse
930 3005 1172 3052 omittatur.
1239 3000 1364 3051 Hinc
1399 3006 1564 3050 mutata
1596 3001 1964 3067 interpunctione
1999 3014 2103 3050 cum
2137 3001 2460 3049 menzinerimus

280 3077 556 3142 iungendum
592 3085 655 3129 ad
682 3086 904 3143 foreaewem
933 3086 1155 3144 pulverem
1185 3085 1339 3144 facere
1347 3098 1367 3140 ;
1401 3080 1522 3132 unde
1555 3079 1707 3149 prodit
1733 3079 1851 3130 haec
1884 3079 1978 3129 loci
2014 3082 2265 3147 scriptura:
2301 3084 2455 3129 memi-
