2799 3569
1206 133 1571 181 ..5—

296 273 463 323 abesse
498 270 774 328 sensissem,
826 268 890 316 nii
923 273 1074 318 tamen
1110 271 1265 318 invitis
1300 269 1538 320 codicibus
1573 271 1775 321 suadere
1808 287 1951 319 ausus
1985 287 2161 333 essem,
2209 290 2330 323 nunc
2367 276 2476 324 illud

277 340 441 419 'ipsum
474 356 583 417 post
618 351 828 410 quomodo
862 352 1069 414 praestat
1103 348 1286 411 Bamb.,
1321 366 1383 400 eo
1417 353 1562 401 minus
1596 349 1924 418 spernendum,
1961 368 2053 416 quo
2088 354 2218 403 verbi
2255 355 2473 403 substan-

294 433 380 480 tivi
413 430 602 480 omissio
636 442 666 476 a
699 426 1038 477 consuetudine
1056 427 1321 488 Quintiliani
1355 431 1401 478 in
1427 429 1515 480 hac
1543 436 1774 480 structura
1808 434 2033 498 participii
2068 449 2296 500 suspensa
2329 424 2475 500 magis

295 509 527 569 abhorret,
560 507 738 556 minime
774 521 835 555 eo
870 507 1155 567 excusanda,
1191 508 1312 572 quod
1349 509 1435 557 sub
1470 509 1605 558 finem
1639 509 1774 558 huius
1806 518 1853 569 S.
1890 518 2167 576 sequuntur:
2202 531 2287 574 quo
2319 532 2476 573 qenere

295 589 622 637 exercitationis
658 587 721 633 ad
760 591 1000 634 certamina
1038 591 1374 648 praeparatam
1407 592 1478 636 sit.
1546 589 1682 638 Haec
1726 592 1845 639 enim
1888 607 1917 639 a
1962 592 2273 656 superioribus
2317 594 2474 643 verbis

295 666 559 736 parenthesi
592 665 834 714 interiecta
867 665 1178 733 disparantur,
1214 673 1263 715 et
1296 669 1336 715 si
1372 669 1416 715 in
1439 666 1628 718 duorum
1655 672 1994 737 participiorum
2024 686 2257 720 concursu
2280 674 2473 722 verbum

295 748 440 800 semel
472 746 681 812 ponitur,
732 743 780 794 id
814 747 958 812 primo
993 748 1215 796 orationis
1261 747 1462 799 membro
1512 753 1681 816 apponi
1726 750 1873 812 solet,
1925 749 2072 799 veluti
2107 752 2184 817 VJ,
2236 751 2326 814 13,
2378 753 2469 802 52:

292 830 431 889 facile
450 828 673 882 iudicabit,
710 828 863 886 quibus
890 830 1087 875 maxime
1107 831 1235 875 rebus
1258 831 1329 875 vel
1355 833 1662 877 oce-emendum
1691 835 1764 890 sit,
1799 833 1869 878 vel
1885 835 2146 880 instandum.
2169 832 2259 892 XI,
2295 832 2343 892 3,
2379 826 2470 882 35:

298 906 619 955 Observandum
660 907 816 962 etiam,
864 921 948 966 quo
995 908 1090 954 loco
1133 911 1412 956 eustirmzdue
1456 917 1499 956 et
1542 913 1667 969 maa-si
1707 913 2036 971 suspendendus
2080 929 2222 960 senno
2264 918 2323 960 sit
2360 951 2369 960 .
2409 951 2419 959 .
2459 951 2467 960 .

293 1003 376 1047 quo
410 985 698 1045 depmneridm.
769 981 913 1033 Adde
947 983 1070 1049 quod
1108 985 1186 1034 illa
1220 988 1320 1053 ipsa
1355 987 1485 1037 verbi
1517 994 1626 1054 post
1659 994 1875 1051 quomodo
1905 992 2076 1057 positio
2111 991 2303 1051 suadet,
2338 998 2389 1040 ut
2423 992 2471 1039 id

292 1082 322 1113 a
337 1063 484 1114 Fabio
520 1062 777 1129 profectum
812 1062 1082 1126 credamus,
1114 1082 1162 1116 v.
1191 1065 1308 1115 infra
1342 1066 1567 1117 monenda
1598 1067 1656 1116 ad
1694 1076 1739 1128 s.
1757 1068 1846 1118 39:
1881 1069 2093 1119 librarius
2128 1075 2245 1121 enim
2280 1072 2327 1121 id
2360 1080 2470 1139 post

294 1152 438 1192 orator
471 1141 788 1192 collocaturus
825 1141 1004 1194 fuisset.
1073 1145 1194 1195 Mox
1229 1146 1384 1195 Bamb.
1419 1164 1502 1208 qna
1535 1151 1581 1194 in
1617 1152 1811 1196 oratione
1843 1148 1964 1210 quod
1994 1154 2140 1199 dicere
2172 1154 2351 1212 facere,
2404 1168 2467 1200 ex

292 1239 381 1286 quo
417 1220 634 1288 praesidii
667 1226 799 1271 certe
833 1222 1038 1271 nonnihil
1071 1224 1197 1288 quod
1232 1228 1377 1273 dicere
1411 1241 1493 1291 pro
1528 1228 1684 1274 didicit
1715 1228 2029 1293 reponendum
2058 1233 2314 1278 monuimus
2348 1246 2465 1277 nan-

291 1304 490 1350 ciscitur.
556 1300 729 1366 Neque
763 1317 910 1362 nunc,
963 1302 1088 1367 quod
1122 1319 1231 1354 sero
1265 1306 1312 1353 in
1347 1310 1539 1354 mentem
1575 1306 1730 1365 venit,
1776 1305 1955 1357 haesito
1990 1324 2082 1373 quo
2117 1311 2264 1359 minus
2299 1327 2386 1371 qua
2420 1315 2466 1357 in

291 1384 502 1438 oratimze,
554 1380 679 1445 quod
718 1382 764 1428 in
807 1381 1013 1430 omnibus
1057 1388 1281 1449 quotquot
1326 1386 1535 1434 novimus
1578 1384 1816 1434 codicibus
1851 1392 2030 1447 exstat,
2076 1405 2162 1453 pro
2211 1388 2338 1453 vulg.
2375 1406 2462 1450 qua

287 1464 453 1509 ratione
487 1460 799 1528 reponendum
834 1463 921 1510 iam
955 1461 1197 1523 suadeam,
1236 1463 1425 1514 lectioni
1447 1465 1585 1514 totius
1618 1463 1752 1514 huius
1773 1465 1866 1515 loci
1899 1471 1988 1516 tam
2024 1483 2053 1516 a
2086 1482 2157 1517 me
2191 1471 2461 1535 propositae

287 1557 418 1603 quam
454 1541 659 1605 vulgari,
697 1543 737 1590 si
771 1540 1052 1591 defensurus
1083 1545 1165 1604 sis,
1198 1559 1342 1593 sensu
1375 1546 1668 1611 aptissimum,
1699 1548 1739 1595 si
1768 1545 1947 1612 quidem
1984 1552 2220 1597 orationem
2253 1551 2460 1617 accipias

286 1635 370 1685 pro
405 1619 564 1669 orandi
597 1636 775 1686 genere
815 1621 1001 1671 dictum.

421 1706 467 1757 S.
501 1699 548 1748 5.
613 1705 785 1760 poeitae
828 1705 1071 1749 con-stantia
1116 1707 1243 1763 copia
1279 1704 1461 1763 Bamb.,
1492 1705 1565 1753 ubi
1599 1720 1722 1755 nune
1757 1706 1973 1770 vulgatur
2003 1712 2178 1767 possit?
2211 1712 2312 1757 Eae
2347 1727 2459 1758 con-

283 1787 402 1825 stant
432 1783 575 1838 copia.
642 1779 724 1828 Ad
774 1780 1036 1830 firmandam
1067 1780 1335 1833 lectionem
1386 1800 1416 1831 a
1465 1799 1533 1833 me
1578 1785 1937 1835 commendatam
1988 1801 2108 1836 nunc
2144 1787 2310 1838 adiicio
2346 1789 2457 1838 loco

283 1855 464 1906 litterae
498 1875 546 1916 e,
582 1874 713 1923 quam
748 1875 776 1907 a
792 1859 995 1926 plurimis
1017 1859 1154 1909 codd.
1178 1862 1334 1910 offerri
1363 1864 1541 1923 monui,
1567 1865 1615 1911 in
1634 1863 1868 1914 nonnullis
1898 1881 1928 1914 a
1945 1864 2224 1932 Spaldingio
2259 1867 2457 1917 laudatis

283 1945 350 1981 est
380 1935 499 2001 legi,
552 1954 671 2002 quae
705 1955 807 1987 vox
840 1955 944 1987 cum
978 1939 1149 2006 copula
1180 1950 1254 1997 et,
1302 1958 1436 2005 quam
1476 1942 1820 1992 rescribendam
1851 1947 2114 2010 suspicatus
2148 1964 2269 2006 sum,
2321 1966 2453 2012 (1113111

282 2030 426 2079 saepe
459 2018 506 2063 111
540 2016 679 2066 codd.
713 2021 975 2067 commutari
1009 2019 1187 2079 soleat,
1222 2027 1389 2076 norunt
1423 2024 1494 2086 qui
1528 2021 1723 2073 codices
1756 2028 2022 2074 tractarunt.

415 2099 462 2152 S.
495 2092 543 2142 6.
610 2095 665 2143 In
699 2096 857 2146 verbis
891 2107 1020 2160 atque
1051 2107 1103 2146 ut
1133 2102 1198 2146 ita
1232 2103 1377 2148 dicam
1408 2106 1512 2166 post
1545 2103 1734 2166 primum
1750 2102 1907 2152 Bamb.
1940 2118 2044 2152 cum
2058 2104 2187 2154 Flor.
2224 2112 2270 2154 et
2289 2107 2448 2155 Tui-ic.

279 2175 330 2219 id
359 2173 531 2221 inserit.
600 2173 748 2235 Quid,
781 2178 823 2224 si
854 2193 883 2224 a
918 2175 1197 2236 Quintiliano
1232 2180 1450 2245 scriptum
1479 2182 1779 2230 conficiamus.
1809 2199 1863 2231 ac
1897 2186 2104 2243 quidem?

414 2258 461 2310 s.
494 2250 543 2300 7.
609 2256 961 2317 siqnifiearentur
1001 2259 1128 2304 solito
1173 2274 1222 2305 se
1265 2261 1437 2307 discere
1466 2258 1645 2320 Bamb.,
1690 2265 1745 2309 nt.
1777 2263 1924 2311 ceteri
1967 2261 2103 2311 codd.
2171 2263 2302 2324 Idem
2339 2280 2448 2315 mox

278 2332 317 2375 εἰ
349 2345 435 2394 pro
468 2347 598 2391 cum,
631 2338 706 2394 et,
731 2334 867 2399 ,quod
900 2350 1022 2384 nunc
1057 2341 1296 2403 receptum
1329 2342 1432 2395 est,
1461 2341 1581 2387 breve
1614 2344 1731 2388 itura
1764 2345 1979 2401 spatiwn,
2026 2343 2112 2388 iam
2147 2357 2211 2390 ex
2247 2343 2444 2392 8101131·-

277 2405 412 2457 (113113
449 2408 523 2460 ed.
557 2427 586 2460 a
620 2428 694 2464 me
745 2429 927 2479 quoque
973 2413 1269 2466 vindicatum.
1334 2416 1452 2467 Mox
1480 2417 1651 2473 ‚Bamb.
1698 2423 1816 2480 meod
1843 2423 1984 2478 idem,
2039 2427 2087 2470 et
2130 2422 2286 2488 paullo
2337 2432 2446 2490 post

278 2488 536 2538 turbaffitam
569 2493 741 2542 omisso
774 2496 927 2550 modo,
967 2494 1044 2543 uhi
1076 2495 1155 2544 alii
1188 2494 1331 2545 codd.
1362 2499 1672 2545 turbamenmrm
1704 2501 1851 2549 modo.
1913 2499 2090 2549 Verum
2136 2503 2175 2548 si
2210 2509 2284 2551 est
2320 2504 2447 2567 quod

275 2563 336 2613 de
370 2582 494 2617 voce
527 2573 656 2618 modo
691 2587 755 2621 ex
790 2571 945 2621 Bamb.
983 2579 1192 2633 notatur,
1234 2576 1460 2640 scriptura
1490 2574 1698 2641 prodiret
1733 2580 1904 2624 turbam
1936 2582 2049 2625 enim
2084 2588 2276 2637 tantum,
2320 2582 2445 2646 quod

274 2659 366 2692 11011
399 2649 532 2712 peius
565 2650 770 2702 lectione
804 2668 867 2701 ex
901 2650 1093 2716 reliquis.
1124 2650 1261 2702 codd.
1296 2669 1326 2700 a
1361 2652 1490 2703 nobis
1516 2654 1762 2705 enucleata
1782 2658 1950 2705 turbam
1986 2660 2100 2705 enim
2135 2665 2444 2710 tantummodo.

409 2732 454 2783 s.
488 2726 535 2775 8.
606 2729 746 2789 Quod
780 2729 1094 2797 reponendum
1113 2731 1314 2781 diximus
1344 2738 1663 2794 consequamur,
1698 2734 1817 2785 idem
1850 2735 1896 2782 in
1916 2734 2072 2785 Bamb.
2094 2743 2263 2787 exstat.
2315 2739 2446 2790 Idem

272 2819 380 2850 mox
414 2810 532 2865 quod
561 2826 728 2870 quoquae
763 2814 873 2858 locis
905 2815 969 2857 ita
1000 2814 1294 2869 petissimum,
1347 2812 1467 2862 unde
1499 2815 1672 2878 pariter
1705 2831 1870 2875 quoque
1905 2817 1991 2863 loci
2024 2814 2277 2878 lucramur,
2321 2819 2445 2883 quod

271 2881 419 2932 Fabio
454 2889 700 2939 restituere
733 2907 875 2938 ausus
909 2907 1021 2938 sum.

403 2970 449 3022 S.
484 2963 532 3012 9.
600 2972 772 3027 quidem
807 2975 960 3018 tuetur
995 2969 1150 3017 Bamb.
1185 2987 1383 3035 quoque.
1451 2971 1503 3019 In
1538 2988 1662 3035 seq„
1707 2972 1782 3022 ubi
1816 2972 1938 3039 apud
1974 2973 2297 3041 Spaldingium
2333 2978 2442 3027 vul-

268 3046 421 3105 gatum
455 3047 625 3095 interim
659 3054 773 3096 meri
805 3059 878 3097 eat
909 3059 990 3107 eet,
1024 3048 1179 3098 Bamb.
1206 3054 1290 3097 iter
1322 3055 1369 3098 in
1402 3055 1537 3098 ueteri
1569 3060 1641 3099 sat
1656 3062 1736 3100 est.
1807 3053 1928 3103 Mox
1961 3073 2080 3113 ηαηι,
2116 3055 2240 3120 quod
2275 3064 2440 3107 aucto-
