2799 3569
1212 236 1268 244 -
1378 209 1412 257 4
1520 239 1570 245 -.

758 306 797 341 ᾧ,

302 358 349 402 et
384 351 618 419 plerisque
653 334 1049 399 emendationibus
1076 351 1249 398 nostris
1284 364 1346 398 ex
1384 351 1483 416 ipsa
1499 346 1711 397 codicum
1730 348 1958 413 scriptura
1980 352 2149 401 vitiosa
2182 353 2324 402 erutis
2360 366 2482 401 nova

300 432 551 481 adderetur
585 432 852 478 auctoritas.
921 427 1120 487 Codex,
1156 445 1249 494 quo
1282 431 1466 493 integer
1498 427 1645 483 ferme
1681 426 1988 486 Quintilianus
2022 435 2305 492 continetur,
2339 446 2480 480 mem-

302 513 558 559 branaceus
611 516 660 558 et
703 525 734 556 a
776 509 957 557 duobus
1003 507 1184 571 quidem
1226 508 1421 556 librariis
1466 509 1690 573 scriptus,
1741 522 1930 570 quorum
1983 528 2102 560 uinus
2146 513 2246 575 (Α)
2292 511 2483 560 saeculo

301 589 355 640 dc
364 591 505 649 cimo,
540 588 661 638 alter
689 588 783 650 (B)
819 585 1061 637 undecimo
1096 589 1278 638 vixisse
1312 586 1374 638 de
1392 586 1571 637 Iaeckii
1613 583 1921 636 bibliothecae
1955 585 2308 656 Bambergehsis
2342 606 2482 657 prae-

302 671 415 720 fecti
448 669 592 733 longe
628 665 917 716 eruditissimi
954 666 1161 729 videtur,
1213 667 1374 716 labore
1429 665 1660 717 scribendi
1712 681 1805 716 non
1856 667 2102 734 perspicua
2146 673 2322 721 ratione
2365 672 2483 718 inter

303 756 542 814 utrumque
577 746 845 806 distributo,
883 763 974 812 quo
998 747 1049 796 fit
1083 753 1133 796 ut
1167 763 1260 798 non
1294 747 1456 798 eadem
1490 745 1696 798 omnibus
1723 745 1842 795 locis
1877 746 2030 797 codici
2063 750 2182 800 fides
2217 752 2288 799 sit.
2332 750 2479 799 Prae-

303 838 436 880 terea
470 830 639 896 passim
674 843 759 895 per
794 833 938 877 totum
973 826 1210 885 codicem,
1262 834 1309 876 ut
1344 827 1630 879 Enderleinii
1671 828 1715 888 ⁵)
1750 826 1911 876 verbis
1944 833 2066 889 utar,
2119 830 2482 896 frequentissime

303 927 389 978 per
424 925 541 975 opus
576 908 746 956 librarii
780 908 828 956 A
864 913 943 955 aut
975 909 1095 955 inter
1128 907 1277 956 lineas
1310 913 1630 966 transversas,
1683 912 1762 954 aut
1805 907 1852 954 in
1887 910 2090 980 margine
2124 913 2376 977 conspicua
2411 916 2482 959 est

304 1005 462 1038 manus
497 989 780 1036 correctoris
816 993 906 1034 tam
943 992 1130 1036 vetusta
1167 1003 1298 1052 quam
1323 990 1502 1054 inepta,
1538 1001 1628 1036 uec
1656 1001 1923 1054 rasurarum,
1943 1003 2032 1036 nec
2061 989 2294 1039 obelorum
2328 1005 2481 1055 parca.

303 1070 381 1119 De
398 1068 559 1117 harum
578 1082 699 1118 vero
725 1084 933 1116 manuum
958 1065 1248 1116 diversarum
1273 1070 1548 1118 auctoritate
1575 1058 1786 1126 eundem,
1822 1064 1931 1130 quid
1958 1072 2141 1129 statuat,
2177 1084 2237 1120 eo
2256 1068 2482 1119 lubentius

305 1148 565 1208 audiemus,
616 1163 708 1212 quo
758 1147 937 1195 acutius
972 1144 1034 1195 de
1068 1152 1168 1195 tota
1213 1148 1300 1196 hac
1346 1147 1556 1198 codicum
1600 1146 1908 1194 Fabianorum
1951 1147 2109 1197 classe
2150 1149 2482 1214 praestantiore

303 1227 550 1276 iudicavit:
597 1226 934 1286 „Ambrosiauo
968 1225 993 1273 1
1027 1229 1406 1292 praestantiorem
1439 1226 1574 1275 Fabii
1609 1223 1821 1274 codicem
1856 1230 2020 1275 extare
2054 1227 2247 1287 nullum3
2289 1227 2347 1276 ad
2381 1229 2482 1276 eius

306 1305 641 1356 similitudinem
675 1307 885 1371 proxime
919 1304 1153 1355 accedere
1174 1305 1564 1371 Bambergensem
1582 1305 1653 1363 A3
1689 1304 1830 1354 multo
1856 1303 2117 1355 inferiorem
2145 1306 2297 1357 locum
2322 1313 2481 1357 tenere

306 1385 637 1446 Turiceusem,
672 1383 1065 1448 Bambergensem
1100 1385 1142 1433 B
1160 1391 1228 1439 ,et
1259 1385 1446 1435 alteram
1482 1400 1658 1434 manum
1675 1383 2108 1449 Bambergensem.“
2158 1385 2248 1434 His
2282 1386 2481 1434 breviter

306 1465 367 1516 de
403 1464 582 1515 codicis
618 1462 885 1514 conditione
919 1465 1209 1531 praemissis,
1254 1481 1372 1531 quae
1406 1466 1557 1514 omnia
1590 1463 1921 1515 Enderleinius
1955 1469 2004 1513 et
2037 1463 2286 1530 diligenter,
2315 1480 2479 1531 perse-

305 1551 443 1596 cutus
477 1550 552 1595 est
585 1551 635 1594 et
668 1559 834 1609 magna
867 1546 1088 1594 acuminis
1122 1545 1372 1595 subtilitate
1408 1547 1705 1604 examinavit,
1759 1559 1852 1610 age
1887 1545 1973 1591 iam
2006 1544 2105 1593 libri
2138 1544 2316 1603 decimi,
2350 1560 2480 1610 quem

306 1641 410 1676 cum
451 1625 672 1674 ambobus
723 1624 1058 1691 posterioribus
1075 1661 1088 1685 ,
1135 1625 1260 1674 illum
1293 1632 1422 1675 certe
1457 1642 1486 1674 a
1529 1632 1575 1684 s.
1614 1624 1736 1684 107,
1763 1623 1992 1673 *librarius
2035 1625 2080 1673 A
2128 1629 2251 1674 teste
2293 1624 2477 1677 Ender-

305 1705 447 1755 leinio
485 1707 530 1766 ⁶]
566 1706 776 1770 scripsit,
829 1704 1060 1754 lectiones
1099 1719 1183 1755 eas
1230 1704 1546 1764 exhibeamus,
1600 1720 1719 1769 quae
1762 1702 1823 1752 ad
1872 1708 2048 1770 partem
2087 1706 2250 1770 capitis
2292 1705 2417 1770 primi
2450 1720 2479 1752 a

305 1783 438 1833 nobis
472 1785 646 1833 iamiam
680 1783 1002 1850 perlustratam
1044 1787 1288 1851 pertinent.

442 1870 487 1922 S.
526 1863 570 1911 1.
640 1866 891 1923 coqitationi
935 1879 964 1911 a
1005 1863 1139 1913 nobis
1174 1864 1534 1915 commendatum
1570 1864 1716 1912 firmat
1749 1863 1929 1923 Bamb.,
1975 1878 2083 1912 mox
2117 1867 2398 1923 confer-tuetur
2432 1870 2479 1912 et

307 1952 555 1991 accesserat
588 1947 636 1992 et
673 1945 923 2003 affluentius
957 1957 1061 1992 cum
1095 1943 1256 1994 Turic.
1289 1950 1336 1995 et
1371 1944 1500 1995 Flor.
1537 1943 1776 1994 exhibens.

440 2029 487 2081 s.
522 2020 569 2072 2.
637 2027 727 2071 sint
777 2021 962 2084 Bamb.,
1025 2022 1192 2074 eodem
1236 2040 1328 2089 quo
1374 2026 1518 2075 ceteri
1572 2025 1687 2075 vitio
1729 2022 1958 2073 laborans,
2026 2021 2165 2080 Mox,
2218 2036 2476 2085 quamquam
2518 2021 2520 2023 ’

302 2103 479 2151 interim
512 2103 558 2149 in
593 2101 799 2151 lectione
833 2100 1046 2150 codicum
1078 2104 1302 2168 potiorum
1335 2108 1487 2150 scierit
1510 2102 1898 2168 acquiescendum
1928 2115 2038 2150 esse
2056 2102 2221 2158 monui,
2256 2099 2301 2146 id
2336 2102 2477 2163 ipsum

304 2187 454 2229 tamen
507 2179 630 2245 quod
677 2182 722 2229 in
767 2179 1029 2232 Sarmatico
1075 2186 1124 2231 et
1167 2182 1291 2249 apud
1329 2183 1539 2231 Riccium
1581 2187 1834 2249 repertum,
1887 2178 2100 2245 quodque
2144 2180 2189 2225 in
2236 2177 2324 2226 hac
2357 2191 2475 2226 con-

303 2261 559 2310 structione
577 2258 856 2320 Quintiliano
890 2275 1110 2327 perquam
1145 2260 1347 2311 familiari
1383 2261 1522 2311 valde
1556 2261 1661 2310 mihi
1681 2261 1870 2327 placere
1905 2259 2002 2307 dixi
2020 2262 2142 2316 sciet,
2177 2271 2296 2305 nuuc
2323 2256 2475 2304 Bamb.

303 2336 515 2398 exhibet,
551 2354 641 2403 qua
675 2338 905 2399 lectione,
940 2340 1094 2389 iudice
1130 2329 1452 2400 Euderleinio,
1505 2340 1617 2388 nihil
1650 2343 1823 2389 certius
1847 2344 1920 2388 est
1956 2337 2177 2400 simulque
2212 2342 2300 2383 tam
2344 2335 2476 2384 huius

301 2417 480 2467 codicis
514 2434 646 2484 quam
680 2416 925 2466 Sarmatici
960 2421 1242 2486 praestantia
1274 2423 1318 2468 in
1354 2421 1607 2469 clarissima
1639 2422 1823 2487 ponitur
1854 2418 1976 2467 luce.

436 2505 482 2557 s.
517 2497 569 2545 3.
636 2498 790 2546 Bamb.
827 2503 1051 2560 quidmaid,
1093 2500 1217 2563 quod
1253 2503 1386 2549 etiam
1419 2517 1449 2548 a
1482 2503 1656 2549 ceteris
1690 2498 1954 2548 melioribus
1989 2496 2114 2545 libris
2148 2493 2345 2543 oblatum
2378 2496 2476 2544 iure

299 2576 631 2627 Euderleinius
664 2576 840 2643 probat,
876 2577 1082 2644 Zumpt-ii
1115 2581 1405 2628 tenacitatem
1429 2583 1474 2628 in
1503 2579 1676 2628 tuenda
1703 2578 1898 2643 vulgata
1926 2579 2111 2638 quidque
2143 2574 2338 2621 miratus.
2373 2571 2478 2632 Qua

299 2654 361 2706 de
395 2656 600 2707 lectione
646 2654 756 2705 nihil
798 2670 888 2704 nos
931 2655 1279 2720 adnotaramus,
1330 2661 1541 2724 quoniam
1584 2664 1824 2726 postquam
1854 2657 2114 2729 'genuinam
2147 2653 2414 2718 scripturam
2447 2669 2476 2698 a

297 2735 591 2786 Frotschero
627 2742 674 2785 et
691 2733 985 2786 Gernhardio
1019 2738 1107 2786 iam
1143 2739 1387 2804 repositam
1421 2753 1662 2800 noramuS‚
1697 2738 2028 2788 observatione
2053 2737 2211 2782 nostra
2231 2747 2349 2797 opus
2382 2747 2473 2780 non

298 2813 553 2866 videbatur.
1714 2830 1720 2833 “

433 2900 480 2952 s.
515 2893 562 2944 4.
627 2898 889 2955 procedente
931 2898 1022 2943 iam
1049 2911 1177 2957 opere
1209 2900 1300 2945 iam
1332 2901 1506 2946 niiaeiime
1525 2896 1680 2946 Bamb.
1716 2912 1819 2947 cum
1848 2896 2020 2947 ceteris
2054 2890 2195 2940 libris·
2235 2889 2288 2936 ΙΙΙ
2318 2890 2475 2938 verbis

299 2972 599 3039 sequentibus
617 2977 829 3036 quomodo
865 2979 1153 3025 instituendus
1184 2985 1353 3035 orator,
1389 2980 1470 3027 hoc
1496 2980 1591 3026 loco
1615 2980 1799 3026 diciaenus
1824 2992 1959 3043 quum
1987 2970 2176 3023 verbum
2200 2974 2259 3016 sit
2290 2971 2477 3035 aegrius

343 3165 381 3211 ὅ)
405 3164 504 3203 Sec't.
529 3166 555 3202 1.
582 3179 614 3213 p.
639 3170 673 3202 7.
1474 3173 1515 3217 6)
1537 3170 1634 3207 Sect.
1660 3171 1684 3207 1.
1711 3182 1743 3218 p.
1775 3172 1818 3205 16.
1840 3175 1875 3205 et
1900 3167 1942 3204 ll.
1975 3178 2014 3214 p·
2034 3164 2065 3200 8·
