2799 3569
1222 202 1583 251 ..12-

309 344 470 393 bardio
505 343 700 408 aliisque
743 356 914 391 caussa
947 339 1219 390 discedendi
1274 340 1443 391 idonea
1487 346 1573 389 est.
1644 337 1884 387 Addamus
1917 340 2020 390 1⁴¹1...
2056 343 2104 403 1,
2151 342 2237 390 14:
2291 345 2396 404 quid
2431 353 2497 389 est

309 441 390 473 em
425 426 669 472 dubitemus
704 425 873 479 dicere,
908 430 953 469 et
983 424 1243 481 sapimtiam
1276 430 1458 482 propter
1489 422 1751 480 voluptatem
1785 425 2097 481 eapeteuadwn,
2133 430 2176 470 el
2209 425 2497 483 imipieimam

305 512 488 564 propter
504 505 728 551 molestias
745 517 841 549 esse
855 503 1142 561 fiaqiendmi?
1198 502 1455 563 &demque
1489 503 1657 547 ratim
1681 514 1737 544 ne
1766 505 2097 558 muner-amiran
2126 505 2297 565 quadem
2317 510 2498 562 propter

308 599 357 631 ae
392 585 684 644 expetendam
716 595 811 628 esse
853 582 1074 638 ὦεεηηιε,
1107 584 1192 627 sed
1223 583 1324 643 qta’a
1358 586 1447 631 etc.
1499 578 1857 645 Temperantiae
1887 583 2163 632 mentionem
2198 582 2350 630 ultimo
2387 581 2496 629 loco

309 662 420 712 facit
453 660 664 721 Tullius,
700 660 870 727 quippe
904 658 967 708 de
1001 673 1060 709 ea
1092 674 1217 709 nnnc
1255 662 1549 709 cummaxime
1586 658 1815 707 dicturus:
1866 663 1918 705 ut
1951 663 2104 727 neque
2138 662 2384 729 sapientia,
2417 662 2496 720 ait,

309 747 500 809 propter
533 755 589 788 se
624 738 894 806 expetenda
928 740 1008 798 sit,
1043 753 1197 804 neque
1231 742 1489 807 insipientia
1511 744 1702 806 propter
1732 737 1970 785 molestias
2004 739 2246 805 fugienda,
2280 744 2343 788 ita
2376 739 2496 787 haud

307 823 456 886 magis
492 821 836 886 temperantiam
856 824 1047 885 propter
1067 833 1122 868 se
1142 819 1480 886 expenstendam
1524 833 1657 876 esse3
1692 818 1737 863 iu
1772 832 1862 881 qua
1884 819 2125 869 manifesta
2158 822 2495 888 comparatione

308 902 589 969 aptissimum
624 899 843 949 censebis
877 916 983 957 nec,
1030 898 1155 964 quo'd
1207 916 1366 948 rursus
1411 900 1548 949 offert
1581 896 1739 947 codex
1774 895 2110 962 Glogaviensis
2148 903 2207 963 ⁰).
2276 899 2495 949 Eiusdem

309 982 498 1049 generis
534 984 642 1028 sunt
676 978 756 1028 illa
790 978 945 1029 Taciti
980 978 1100 1029 Dial.
1143 978 1207 1030 de
1265 980 1522 1030 oratoribus
1558 977 1648 1026 18:
1721 976 1845 1025 Num
1879 979 2125 1028 dubitamus
2157 985 2369 1040 invocatos,
2423 984 2495 1041 qui

305 1080 416 1124 prae
455 1065 621 1110 Catone
639 1062 834 1123 Appium
856 1064 1047 1110 Caecum
1079 1065 1222 1122 maffia
1256 1064 1549 1109 mirarentur?
1587 1060 1714 1108 Satis
1747 1066 1940 1117 constat,
1975 1078 2056 1109 nec
2094 1065 2293 1111 Ciceroni
2326 1064 2495 1124 quidem

310 1148 622 1191 obtrectatores
663 1145 868 1204 deficiase.
941 1141 1099 1207 Atque
1144 1143 1280 1191 etiam
1330 1147 1444 1202 tum,
1495 1145 1545 1189 ut
1591 1139 1714 1199 dixi,
1765 1155 1847 1186 nec
1864 1166 1890 1176 -
1909 1145 2082 1199 quidem
2128 1142 2278 1192 locum
2325 1142 2493 1191 habere

307 1229 492 1291 potest,
529 1239 664 1288 quum
699 1220 937 1270 affirmatio
972 1221 1240 1288 praecedit,
1274 1226 1325 1269 ut
1360 1220 1543 1271 Catilio.
1579 1218 1677 1279 111,
1714 1221 1803 1270 102
1873 1221 2003 1267 Ultus
2036 1231 2105 1269 est
2134 1226 2262 1271 Ιιιιίιιιι
2293 1226 2494 1271 victoriae

308 1305 611 1351 modelitatem
642 1310 798 1363 postea
835 1301 968 1360 Sylla
979 1316 997 1359 ;
1030 1318 1112 1348 nec
1145 1303 1234 1348 dici
1271 1304 1442 1364 widem
1476 1316 1586 1361 opus
1623 1308 1691 1346 est
1701 1335 1715 1357 ‚
1751 1307 1914 1361 qwmta
1949 1303 2235 1351 denumctione
2268 1306 2419 1350 civium
2452 1310 2495 1347 et

308 1391 471 1443 meanto
503 1385 755 1430 camme
786 1385 853 1429 rei
884 1384 1113 1440 publicae,
1151 1397 1283 1446 quem
1322 1381 1474 1431 locum
1502 1385 1634 1429 recte
1668 1377 1892 1445 explicuit
1921 1377 2248 1432 Gernhardius.
2272 1381 2320 1431 11
2353 1381 2490 1430 Verr.

307 1461 385 1523 II,
420 1460 514 1522 20,
548 1460 642 1510 482
691 1464 745 1509 de
778 1464 863 1509 isto
896 1463 967 1517 id,
1004 1464 1121 1522 quod
1152 1478 1300 1510 omnes
1343 1463 1565 1518 videbam,
1611 1476 1749 1520 neque
1782 1461 1860 1507 ille
1893 1462 2066 1522 quidem
2099 1464 2291 1519 obscure,
2328 1463 2494 1508 locutm

308 1551 388 1599 est,
423 1541 545 1591 bene
566 1540 786 1607 Zumptio
804 1542 1137 1608 interpretante
1161 1543 1359 1608 positum
1404 1557 1489 1607 pro
1509 1557 1563 1588 ac
1579 1557 1634 1588 ne
1651 1542 1829 1588 obscure
1848 1542 2032 1601 widem.
2069 1539 2280 1592 Alterum
2298 1539 2492 1604 denique

308 1620 444 1671 huius
476 1639 591 1672 usus
624 1637 801 1687 genus,
836 1621 897 1671 ad
920 1620 1045 1687 quod
1093 1620 1383 1689 progredior,
1418 1635 1478 1670 eo
1513 1620 1749 1679 consistit,
1785 1624 1835 1668 ut
1868 1637 1950 1668 nec
1968 1648 1994 1657 -
2014 1624 2185 1681 widem
2218 1623 2262 1671 ei
2297 1619 2492 1670 membro

310 1704 556 1763 orationis,
611 1704 790 1768 quicum
834 1703 1055 1768 iungitur,
1113 1706 1445 1769 praeponatur,
1503 1706 1640 1766 atque
1693 1701 1963 1750 necessario
2018 1702 2078 1748 ita
2112 1706 2161 1749 ut
2194 1717 2223 1749 a
2273 1699 2492 1768 particula

308 1782 588 1833 disiunctiva
622 1785 907 1851 excipiatur,
942 1784 1048 1833 sive
1091 1791 1190 1843 aut,
1226 1785 1330 1833 sive
1362 1786 1455 1832 vel:
1499 1782 1659 1833 horum
1694 1781 1802 1833 loco
1836 1798 1974 1844 neque
2009 1780 2177 1831 dictum
2211 1797 2343 1842 esse,
2390 1780 2491 1830 mihi

309 1863 489 1928 quidem
526 1861 679 1912 adhuc
725 1866 1050 1931 incompertum
1098 1869 1185 1913 est.
1254 1863 1334 1912 Ex
1376 1862 1468 1913 hoc
1512 1878 1690 1929 genere
1738 1868 1898 1912 noster
1933 1861 2196 1923 Quintiliani
2230 1862 2362 1912 locus
2397 1867 2489 1911 est:

310 1943 399 1992 alia
434 1943 648 2010 exempla
686 1942 1004 1996 Frotscherns
1040 1946 1230 1995 notavit.

355 2192 393 2239 9)
419 2191 474 2229 De
510 2190 617 2230 huius
651 2193 791 2232 codicis
819 2193 994 2232 librorum
1029 2193 1075 2232 de
1100 2194 1249 2233 Finibus
1279 2194 1362 2232 Tul-

309 2252 490 2286 lianorum
513 2254 756 2299 praestantia,
790 2254 864 2289 iam
900 2252 1032 2288 dudum
1063 2253 1151 2288 mihi
1186 2265 1230 2289 ex
1255 2254 1365 2289 colla·

309 2310 428 2351 tione,
464 2320 573 2356 quam
615 2310 755 2346 amicus
790 2312 934 2357 triginta
974 2310 1053 2347 fere
1090 2310 1221 2348 abhinc
1260 2312 1365 2347 annis

309 2375 452 2401 mecum
472 2366 815 2412 communicaverat,
829 2372 1026 2416 perspecta
1043 2378 1153 2413 nunc,
1176 2373 1364 2417 postquam

310 2421 558 2459 Schneiderus
596 2424 812 2472 scripturam
848 2426 929 2462 eius
969 2426 1007 2461 in
1054 2426 1173 2463 lucem
1221 2426 1366 2474 protulit

307 2479 525 2515 Prolnsione
562 2481 664 2518 acad.
689 2481 882 2519 Vratislav.
918 2494 952 2520 a.
978 2484 1063 2517 1841
1099 2484 1216 2528 edita,
1254 2484 1364 2530 vulgo

307 2536 472 2573 iudicare
496 2537 595 2573 licet.
626 2536 705 2574 Uno
730 2540 895 2588 exemplo
915 2540 1092 2588 defungar
1113 2541 1160 2577 ad
1182 2553 1260 2578 rem
1283 2551 1364 2589 pro-

307 2593 463 2629 bandam
480 2594 526 2636 11,
549 2596 583 2637 8,
606 2595 640 2632 8.
665 2594 777 2631 Multo
796 2596 886 2633 licet
897 2596 1025 2632 labore
1045 2598 1206 2634 editores
1223 2609 1364 2634 omnem

307 2651 466 2699 lapidem
489 2652 692 2697 volverint,
715 2658 755 2689 nt
778 2654 962 2701 vulgatam
986 2655 1109 2692 verbis
1131 2655 1189 2692 hie
1211 2655 1363 2692 eandm

308 2711 406 2745 certe
427 2708 500 2745 vim
517 2707 724 2758 voluptatis
734 2709 945 2758 Epicurum
963 2723 1072 2748 nosse
1094 2723 1207 2761 quam
1227 2716 1365 2749 ceteros

308 2766 543 2814 expedirent,
573 2769 652 2805 sive
676 2770 917 2816 corrigendo,
943 2781 1051 2818 quam
1074 2772 1171 2806 viam
1195 2769 1364 2807 Bromius

306 2822 420 2860 verba
444 2823 568 2862 verbi-r
588 2823 648 2862 his
670 2827 776 2863 uncis
811 2826 1038 2864 secernendo
1063 2828 1161 2872 iniit,
1197 2829 1277 2865 sive
1303 2839 1361 2864 ex-

1446 2194 1633 2243 plicando,
1668 2200 1708 2232 ut
1742 2194 1966 2242 Madvigius,
2002 2194 2106 2231 cuius
2143 2192 2337 2241 explicatio
2371 2192 2491 2232 durior

1445 2264 1552 2302 quam
1575 2255 1698 2289 verior
1732 2263 1852 2301 neque
1878 2253 2067 2289 Ciceronis
2099 2252 2247 2287 dictioni
2278 2251 2353 2287 ullo
2387 2252 2490 2287 modo

1445 2313 1641 2348 convenire
1660 2311 1815 2354 videtur,
1840 2310 2105 2358 desperandum
2126 2308 2171 2345 de
2187 2308 2257 2344 hoc
2277 2309 2358 2346 loco
2382 2316 2490 2353 esset,

1444 2369 1516 2404 nisi
1548 2369 1586 2403 in
1622 2369 1801 2415 integrum
1840 2368 2065 2404 restituendo
2101 2367 2209 2416 plane
2244 2365 2353 2402 lectio
2388 2364 2490 2411 Glog.

1442 2424 1534 2462 velle
1555 2437 1633 2462 esse
1668 2429 1924 2469 succurreret,
1961 2425 2041 2461 sine
2076 2434 2175 2460 mora
2212 2424 2251 2458 in
2292 2426 2491 2457 contextum

1444 2483 1701 2531 suscipienda,
1747 2488 1787 2518 ut
1821 2494 1915 2531 qnae
1957 2482 2094 2523 omnia,
2129 2491 2222 2527 qnae
2257 2479 2490 2526 requiramus,

1445 2540 1625 2579 exhibeat.
1671 2539 1801 2588 Neque
1836 2540 2020 2587 vulgatam
2060 2542 2239 2575 sustentat
2273 2536 2366 2584 quod
2397 2535 2491 2585 apud

1443 2598 1599 2633 Nonium
1625 2609 1661 2632 v.
1690 2597 1873 2634 hilaretur
1908 2599 2083 2644 scriptum
2118 2599 2233 2630 exstat
2261 2605 2336 2629 non
2370 2605 2489 2635 nosse,

1443 2657 1613 2692 vitiosum
1637 2655 1675 2691 id
1699 2657 1837 2704 ipsum,
1861 2666 1933 2703 quo
1957 2659 2058 2691 certo
2082 2652 2361 2695 demonstratur,
2384 2651 2490 2698 longe

1443 2712 1543 2749 aliud
1579 2724 1686 2760 quam
1727 2713 1895 2760 vulgetur
1929 2724 1951 2748 a
1990 2710 2169 2748 Cicerone
2203 2708 2288 2745 olim
2322 2709 2489 2757 scriptum

1443 2771 1568 2806 fuisse.
1592 2769 1650 2806 De
1677 2771 1760 2807 aliis
1778 2771 1873 2807 locis
1894 2769 2058 2807 eiusdem
2076 2766 2214 2804 codicis
2237 2776 2305 2814 ope
2321 2766 2489 2802 sanandis

1442 2827 1530 2864 alibi
1554 2827 1683 2864 dicam.
