2799 3569
1193 151 1261 158 -
1351 123 1412 171 17
1500 152 1566 160 -.

295 263 531 311 Platonem
566 268 756 327 propter
775 262 1148 327 μεγαλοπρέπειαν
1181 264 1354 312 oratori
1371 260 1603 326 legendos
1621 261 1873 311 iudicasset
1899 262 2153 327 Dionysius
2188 263 2293 312 Hal.
2332 264 2391 312 Τ.
2410 265 2471 314 V.

291 361 335 409 p.
356 340 459 390 430
491 341 673 400 Reisk„
711 338 792 389 vel
826 339 952 404 quod
972 339 1125 391 Stoici
1158 342 1383 405 maqm‘flm‘
1419 347 1612 389 oratione
1645 342 1755 391 dicti
1793 349 1953 391 essent
1985 351 2031 399 s.
2056 344 2136 403 84,
2173 344 2295 409 quod
2336 349 2470 411 post-

290 412 468 470 modum
508 420 627 471 idem
647 420 819 468 monuit
835 420 1054 487 Epistola
1079 421 1141 470 ad
1170 425 1473 488 nuperrimam
1489 423 1753 482 Quintiliani
1775 422 2000 472 editorem
2027 440 2070 488 p.
2088 424 2164 471 12).
2201 423 2306 474 Sed
2324 427 2470 474 inanis

290 504 378 550 ista
413 501 598 551 videtur
632 498 904 549 emendandi
939 503 1076 562 ratio,
1112 500 1203 550 soli
1220 501 1507 551 Frotschero
1525 503 1736 568 probata,
1773 517 1864 551 non
1900 502 2037 552 modo
2060 519 2151 552 nou
2189 507 2470 563 necessaria,

290 581 376 631 sed
410 598 471 631 ne
505 586 614 647 apta
647 579 830 646 quidem
863 580 970 631 huic
1004 581 1137 641 loco,
1173 584 1217 630 iu
1253 598 1346 647 quo
1381 581 1658 648 explicando
1693 580 2082 648 defendendoque
2118 586 2203 632 iam
2222 583 2470 633 Herbstius

290 663 409 713 bene
447 667 661 711 versatus
697 666 783 709 est.
857 660 920 710 Ut
963 676 1079 710 sane
1121 664 1194 709 isti
1242 662 1484 728 magnifice
1528 662 1750 721 dixerint,
1804 662 1850 710 id
1892 669 2039 711 tamen
2085 679 2177 712 uon
2223 667 2470 728 quaeritur,

289 742 375 791 sed
410 744 454 789 in
488 758 620 790 usum
654 757 741 791 eos
776 743 834 791 ab
868 742 1127 792 oratoribus
1162 744 1226 791 ait
1260 742 1564 803 Quintilianus
1599 742 1705 793 ideo
1739 742 1970 792 adhibitos
2006 759 2142 805 esse,
2197 743 2320 809 quod
2355 760 2470 810 prae

288 823 460 871 ceteris
513 822 813 886 scriptoribus
874 825 1155 888 potissimum
1210 822 1272 872 de
1331 825 1387 871 iis
1444 823 1581 872 rebus
1634 823 1887 882 dixissent,
1951 823 2111 886 quibus
2168 824 2469 872 discutiendis

288 916 603 964 nonuunquam
639 908 795 950 orator
830 917 1016 967 operam
1051 900 1164 950 dare
1197 900 1404 951 deberet.

1291 1114 1336 1165 s.
1388 1106 1467 1155 38.

393 1248 563 1306 Quippe
598 1261 697 1293 cum
710 1249 778 1292 tin
813 1247 956 1293 Bruto
993 1246 1060 1292 M
1107 1246 1279 1292 Tullius
1315 1252 1379 1291 tot
1411 1248 1599 1292 millibus
1631 1262 1829 1292 versuum
1866 1249 1919 1291 de
1956 1250 2169 1294 Romanis
2205 1255 2370 1292 tantum

390 1328 633 1373 oratoribus
671 1328 870 1387 loquatur
881 1363 896 1384 ‚
950 1335 993 1374 et
1029 1334 1174 1374 tamen
1209 1327 1263 1371 de
1309 1329 1501 1372 emmone
1535 1329 1693 1372 aetatis
1728 1343 1855 1381 suae,
1903 1330 2156 1386 quibu-scum
2191 1330 2367 1382 vivebat,

392 1411 592 1465 exceptis
632 1410 822 1453 Caesare
857 1416 986 1468 atque
1021 1408 1270 1462 Marcella,
1304 1409 1520 1454 silentium
1554 1410 1713 1465 eyere‘t:

287 1542 340 1588 In
378 1542 465 1591 hac
506 1546 732 1609 scriptura
777 1561 807 1592 a
840 1544 1119 1611 Spaldingio
1172 1550 1281 1610 post
1315 1541 1575 1591 Gesnerum
1618 1541 1933 1591 commendata
1980 1559 2081 1590 num
2126 1546 2227 1606 quis
2264 1545 2351 1590 erit
2397 1546 2473 1606 qui

288 1621 584 1686 tautologiam
597 1659 610 1683 ,
666 1638 785 1687 quae
837 1626 960 1673 inest
1003 1626 1048 1672 in
1094 1623 1252 1674 verbis
1292 1625 1347 1670 de
1378 1626 1585 1670 ‘omm‘bus
1628 1626 1785 1669 aetatis
1822 1639 1928 1669 suae
1941 1658 1952 1677 ,
2008 1627 2260 1682 meumst-um
2293 1626 2470 1683 vivebat,

287 1701 431 1750 semel
466 1704 663 1753 monitus
698 1718 849 1767 aequo
884 1702 1004 1753 ferat
1037 1701 1220 1753 auimo?
1291 1702 1436 1762 Quam
1478 1703 1763 1768 superiorum
1810 1701 2033 1750 editorum
2081 1705 2161 1750 vix
2198 1703 2319 1750 ullus
2355 1702 2471 1759 tulit,

288 1795 438 1843 neque
472 1784 778 1846 posteriorum
815 1783 1257 1849 quisquam-praeter
1277 1780 1608 1832 Gernhardium
1634 1780 1869 1846 probavit:
1906 1780 2029 1844 quod
2068 1783 2302 1830 innumera
2337 1795 2471 1829 com-

289 1866 462 1921 menta,
499 1861 662 1925 quibus
695 1861 947 1928 desperato
981 1861 1092 1912 loco
1127 1859 1400 1926 refingendo
1440 1874 1713 1910 succurrere
1748 1859 2043 1919 studuerunt,
2080 1863 2192 1907 satis
2228 1866 2471 1917 testantur,

288 1956 406 2004 quae
441 1939 518 1989 hic
552 1941 707 1990 denuo
742 1945 986 2007 exagitare
1020 1957 1083 1992 eo
1118 1944 1263 1990 minus
1284 1956 1484 1990 necesse
1514 1939 1714 1999 videtur,
1748 1957 1840 2003 quo
1862 1939 2126 2005 diligentius
2149 1943 2192 1988 in
2229 1954 2288 1989 ea
2323 1953 2469 2005 opera

288 2028 336 2066 et
369 2021 672 2089 Spaldiugius
708 2026 811 2088 ipse
847 2030 895 2070 et
929 2022 1126 2088 posthae
1154 2020 1467 2070 Frotscherus
1502 2022 1680 2070 versati
1714 2027 1843 2076 sunt,
1878 2036 2068 2082 quorum
2102 2019 2177 2069 hic
2212 2026 2467 2087 praeeunte

287 2115 488 2150 censore
532 2103 718 2150 lenensi
771 2105 917 2152 verba
975 2108 1228 2164 qzdbuscum
1278 2107 1442 2149 vivebat
1486 2108 1697 2165 tanquam
1749 2099 1955 2165 glossam
1991 2104 2216 2150 contextu
2250 2097 2464 2150 exclusit.

287 2179 418 2229 Bene
452 2181 643 2242 factum,
686 2183 995 2250 adstipulante
1030 2187 1133 2249 ipso
1170 2183 1338 2230 codice
1379 2182 1663 2240 Sarmatico,
1708 2183 1753 2227 in
1788 2197 1900 2242 quo,
1947 2186 2070 2228 teste
2106 2178 2362 2239 sichardo,
2409 2195 2464 2228 ea

287 2261 432 2308 verba
466 2277 637 2311 revera
671 2266 957 2312 omittuntur:
1012 2266 1051 2311 si
1098 2262 1233 2312 modo
1282 2262 1386 2311 sola
1431 2261 1559 2309 nobis
1607 2277 1684 2309 res
1719 2276 1822 2308 cum
1858 2259 1937 2308 illo
1973 2259 2284 2309 additamento
2318 2265 2460 2316 esset,

287 2356 377 2405 quo
435 2341 648 2391 lubenter
700 2358 815 2392 sane
879 2358 1154 2393 careremus,
1260 2344 1328 2391 At
1384 2345 1468 2390 ista
1514 2341 1661 2390 verba
1705 2356 1841 2405 quum
1877 2356 1939 2388 ex
1975 2348 2189 2390 correcta
2239 2341 2460 2405 scriptura

285 2419 497 2470 codicum
531 2422 671 2489 plane
704 2422 828 2472 aliud
863 2423 1172 2474 exhibentium
1219 2422 1430 2489 profecta
1470 2423 1583 2481 siut,
1628 2420 1748 2470 haec
1794 2420 2024 2485 quomodo
2061 2418 2350 2487 expedienda
2384 2421 2457 2476 sit,

284 2498 639 2562 illaborandum,
674 2519 768 2553 non
802 2503 910 2568 quid
946 2503 1164 2553 faciamus
1185 2518 1288 2552 cum
1313 2518 1374 2553 eo
1392 2508 1672 2562 commento,
1709 2499 1833 2565 quod
1869 2500 1925 2548 ab
1943 2500 2073 2549 Aldo
2103 2500 2209 2548 inde
2228 2499 2459 2547 obtrusum

284 2586 380 2637 est3
416 2594 567 2644 neque
600 2584 688 2631 iam
709 2581 1040 2632 Sichardianus
1075 2582 1155 2632 ille
1189 2581 1347 2632 codex
1387 2580 1507 2630 aliud
1541 2580 1783 2646 quidquam
1804 2587 2021 2639 testatur,
2057 2595 2185 2642 quam
2221 2576 2459 2626 excidisse

285 2657 538 2723 quaedam,
573 2678 692 2725 quae
729 2661 880 2726 qualia
914 2666 1005 2713 sint
1038 2665 1325 2727 ignoramus:
1364 2675 1479 2727 quae
1515 2662 1704 2710 omissio
1735 2661 1779 2708 in
1816 2666 1941 2708 tauto
1977 2672 2209 2707 consensu
2243 2656 2459 2705 codicum

285 2741 691 2802 antiquissimorum
717 2757 808 2791 non
829 2749 986 2808 potest
1020 2759 1110 2791 non
1134 2743 1213 2791 vel
1249 2744 1379 2791 casui
1414 2740 1490 2790 vel
1510 2742 1625 2790 vitio
1661 2739 1803 2788 tribui.
1848 2738 2018 2801 Neque
2054 2739 2128 2801 qui
2163 2734 2362 2803 posthac
2398 2737 2459 2783 ad

224 2832 227 2835 ·
285 2819 435 2867 locum
470 2821 805 2884 persanandum
839 2831 1165 2881 accesserunt,
1201 2822 1419 2871 effecisse
1447 2819 1711 2884 quidquam,
1747 2821 1788 2865 in
1826 2833 1916 2880 quo
1942 2820 2247 2880 acquiescere
2283 2832 2457 2882 posse-

285 2916 406 2957 mus,
442 2898 544 2946 mibi
578 2900 760 2963 quidem
797 2901 1023 2950 videntur.
1077 2904 1153 2951 Ac
1188 2904 1445 2968 speciosius
1480 2914 1611 2963 quam
1641 2899 1797 2946 verius
1820 2896 2027 2955 Geelius,
2067 2896 2458 2946 Frotscheriauae

285 2978 499 3026 editionis
534 2993 718 3038 censor,
753 2983 1002 3045 „scriptum
1038 2980 1182 3029 fuisse
1219 2989 1354 3045 puto,
1386 2981 1538 3041 inquit,
1573 2981 1645 3036 qui
1681 2985 1770 3024 mm
1804 2979 2016 3032 virebant,
2054 2978 2187 3023 cuius
2222 2977 2458 3041 glossema

285 3062 440 3105 aetatis
474 3075 580 3105 meae
615 3066 788 3109 textum
824 3062 1056 3110 invaserit.
1127 3060 1213 3108 llla
1247 3066 1376 3110 certe
1411 3060 1597 3123 propius
1631 3055 1860 3105 accedunt
1895 3054 1956 3103 ad
1992 3052 2288 3115 Ciceronem,
2325 3070 2454 3119 quem

374 3138 386 3147 ⁸
2090 3136 2117 3179 3
