2799 3569
1199 166 1573 215 ...16—

289 302 431 354 Goth.
467 303 614 354 Voss.
649 302 683 352 2
717 301 880 370 Camp.
925 318 1027 352 cum
1062 302 1186 354 Edd.
1232 309 1341 355 ante
1375 303 1517 354 Basil.
1564 302 1780 370 quodque
1831 319 1892 355 eo
1927 305 2214 371 significatu,
2266 323 2357 374 quo
2391 327 2477 377 pro

286 387 508 432 interdum·
541 386 752 451 ponitur,
792 384 904 451 loco
940 398 1001 433 eo
1035 386 1185 449 magis
1220 388 1465 446 convenit,
1517 381 1641 449 quod
1675 385 1818 433 totius
1853 387 2113 435 sententiae
2147 387 2223 435 vis
2259 404 2323 437 ex
2357 394 2476 440 tem-

288 465 417 529 poris
451 465 643 513 notione
678 478 907 530 suspensa
941 466 1037 511 est:
1085 479 1179 512 non
1225 465 1344 514 enim
1378 463 1633 515 oratoribus
1669 463 1777 528 quid
1810 464 2069 516 faciendum
2104 467 2165 514 sit
2197 469 2478 533 praecipitur

289 542 378 593 sed
413 542 520 609 quid
555 542 615 591 ab
647 544 705 591 iis
738 556 1058 606 nonnunquam
1092 541 1260 593 tactum
1299 546 1359 594 sit
1394 548 1644 596 enarratur.
1712 542 1899 594 Deinde
1932 537 2018 613 pro
2053 553 2300 604 cesserim,
2353 547 2478 611 quod

289 638 355 673 ex
388 623 528 686 Regii
562 624 833 671 coniectura
867 621 1076 671 omnibus
1110 624 1301 690 probata
1334 625 1491 686 fluxit,
1534 624 1750 674 meliores
1782 624 1885 673 libri
1919 640 2023 674 cum
2057 625 2215 676 Bamb.
2250 635 2479 674 cernentur

289 708 337 753 et
369 700 529 768 paullo
564 707 672 752 ante
708 719 842 764 quae,
895 702 971 752 ubi
1006 706 1082 764 qui
1114 703 1355 770 vulgatur,
1410 706 1545 754 etiam
1580 707 1626 754 in
1660 703 1814 753 Bamb.
1847 709 2100 772 repertum3
2153 705 2293 756 fiscile
2326 712 2476 757 tamen

286 782 529 832 intellectu
566 786 663 844 est,
700 800 812 844 quae
845 785 891 831 in
928 788 1002 844 qm·
1037 783 1100 833 ob
1135 783 1492 851 praecedentem
1527 800 1695 835 vocem
1731 794 1975 843 oratorum,
2011 801 2103 850 quo
2139 786 2257 835 male
2293 785 2474 837 refere-

285 862 444 922 batur,
498 866 714 910 mutatum
750 877 886 923 esse3
940 868 1104 912 contra
1150 881 1259 925 quae
1293 865 1494 929 pertinet
1528 864 1588 912 ad
1622 867 1772 912 nuclea.
1841 864 1922 912 Ex
1956 863 2046 912 hac
2081 865 2173 913 loci
2209 866 2476 915 conditione

286 941 408 990 ultro
442 940 596 1007 prodit
629 940 751 990 haec
791 943 1039 1008 scriptura,
1074 944 1120 989 in
1156 959 1245 1007 qua
1276 958 1338 991 ne
1356 942 1588 991 litterulae
1617 944 1864 991 mutatione
1898 959 2015 1009 opus
2051 947 2146 991 est:
2181 948 2283 991 vitio
2303 948 2475 1004 sacuam

288 1032 353 1069 est
388 1024 503 1069 alias
538 1030 787 1069 oratorum:
823 1039 935 1083 qnae
968 1025 1143 1083 quidem
1180 1025 1269 1070 iuis
1304 1026 1467 1082 optima
1500 1026 1571 1068 sm·
1606 1030 1752 1081 operis
1792 1032 1923 1082 parte
1954 1031 2203 1081 censentur,
2256 1040 2346 1088 qua
2381 1040 2473 1072 non

289 1103 647 1151 convenientior
682 1102 748 1150 rei
785 1103 1016 1150 sententia
1051 1100 1146 1150 ulla
1177 1108 1332 1168 potest
1359 1115 1481 1149 esse.
1552 1099 1701 1160 Quum
1739 1109 1953 1151 emtores
1988 1104 2034 1150 in
2071 1103 2392 1169 excogitandis
2428 1110 2477 1152 et

289 1179 585 1230 inveniendis
622 1181 702 1240 iis,
741 1195 861 1244 quae
894 1182 1208 1248 maximopere
1244 1179 1301 1230 ad
1335 1183 1533 1247 ipsorum
1569 1194 1649 1229 res
1682 1179 1844 1230 facere
1880 1180 2174 1244 viderentur,
2219 1183 2366 1248 qualis
2402 1189 2476 1233 est

291 1261 428 1310 locus
446 1260 507 1311 de
535 1263 689 1320 iustis,
723 1259 959 1321 honestiS‚
997 1261 1183 1311 utilibus
1211 1268 1256 1312 et
1283 1276 1403 1325 quae
1432 1260 1504 1310 his
1531 1268 1637 1309 sunt
1663 1263 1914 1321 contraria,
1950 1261 2249 1313 socordiores
2265 1263 2475 1322 fuissent,

292 1358 425 1404 quam
459 1341 788 1405 negligentiam
822 1342 921 1390 vitii
957 1343 1141 1392 nomine
1176 1341 1477 1402 Quintilianus
1512 1346 1666 1401 notat,
1701 1338 1925 1388 interdum
1960 1343 2104 1407 petita
2139 1358 2250 1392 esse
2284 1359 2342 1392 ea
2375 1345 2476 1409 ipsa

291 1428 340 1469 et
374 1419 554 1484 quidem
589 1419 731 1468 multa
765 1437 795 1468 a
828 1419 1143 1486 philosophis,
1180 1437 1297 1486 quae
1332 1421 1535 1486 quidem,
1578 1428 1628 1468 ut
1662 1427 1829 1469 censet
1864 1418 2194 1482 Quintilianus,
2229 1424 2273 1470 in
2310 1425 2477 1488 optima

288 1500 467 1550 illorum
504 1502 663 1566 operis
695 1506 828 1566 parte
864 1499 1161 1550 referrentur.
1231 1500 1463 1551 Continuo
1498 1507 1777 1564 sequuntur:

393 1616 516 1664 Nam
550 1625 595 1663 et
628 1619 682 1664 de
717 1619 873 1674 iustis,
911 1619 1125 1673 honestis,
1172 1619 1348 1664 utilibus
1381 1620 1519 1677 iisque
1554 1630 1665 1676 quae
1699 1617 1787 1661 sint
1819 1618 1917 1661 istis
1952 1619 2197 1671 contraria,
2245 1624 2287 1661 et
2323 1619 2375 1662 de

392 1698 521 1742 rebus
557 1698 711 1743 divinis
744 1699 942 1743 maxime
978 1698 1129 1743 dicunt
1162 1705 1207 1744 et
1239 1704 1590 1755 arqumentantur
1625 1698 1799 1741 acriter.

287 1821 340 1868 In
378 1820 535 1869 verbis
568 1824 708 1882 iisque
742 1837 868 1881 quae,
905 1837 1038 1886 quam
1066 1822 1327 1881 lectionem,
1363 1824 1463 1869 sine
1483 1821 1789 1869 haesitatione
1815 1835 1937 1866 nunc
1961 1818 2141 1889 quidem
2176 1820 2234 1866 ab
2270 1820 2476 1867 omnibus

288 1900 540 1964 vulgatam,
576 1900 840 1950 deteriores
875 1901 1187 1951 tantummodo
1221 1900 1321 1951 libri
1356 1899 1664 1968 suppeditant,
1699 1900 1817 1948 Mss.
1854 1898 1994 1948 valde
2029 1899 2263 1948 fluctuant.
2318 1899 2475 1949 Turic.

289 1987 338 2030 et
371 1980 529 2030 Bamb.
562 1984 619 2029 iis
654 1998 860 2042 quaeque.
930 1981 1060 2032 Flor.
1097 1980 1380 2033 solummodo
1416 1997 1523 2043 que,
1559 1983 1668 2031 voci
1704 1982 1881 2028 utilibus
1915 1978 2117 2040 affixum,
2154 1982 2326 2029 omisso
2361 1996 2474 2047 pro-

286 2062 472 2111 nomine
505 2064 587 2118 ἰοῖς,
635 2059 760 2124 quod
804 2058 864 2110 ad
898 2075 1081 2122 veram,
1127 2062 1175 2111 ni
1211 2060 1368 2122 fallor,
1414 2062 1680 2128 scripturam
1716 2058 1843 2110 ducit
1877 2061 2078 2119 utilibus,
2131 2075 2325 2122 quaeque
2370 2068 2474 2120 etc„

288 2147 519 2189 servatam
556 2143 600 2189 in
637 2141 785 2190 Paris
824 2140 848 2188 1
891 2148 938 2190 et
974 2140 1030 2200 2,
1075 2142 1140 2190 ita
1185 2146 1235 2191 ut
1265 2145 1320 2190 iis
1354 2157 1383 2190 a
1418 2146 1686 2191 correctore
1721 2139 1979 2205 profectum
2026 2153 2137 2190 esse
2174 2141 2473 2190 existimetur.

291 2222 498 2281 Quaeque
532 2223 620 2270 iam
653 2237 738 2287 pro
776 2231 821 2269 et
855 2238 967 2281 quae
1001 2219 1197 2283 dictum,
1243 2220 1386 2272 veluti
1422 2218 1548 2281 XII,
1583 2218 1642 2280 7,
1684 2219 1771 2269 10:
1825 2221 1982 2281 Neque
2020 2223 2133 2269 enim
2167 2223 2311 2279 video,
2364 2235 2474 2281 quae

287 2303 443 2348 iustior
479 2305 732 2363 acquirendi
766 2305 907 2359 ratio,
952 2318 1083 2362 quam
1118 2319 1181 2350 ex
1214 2304 1510 2350 honestissinw
1548 2303 1718 2358 labore,
1754 2311 1799 2348 et
1834 2303 1888 2347 ab
1921 2304 2000 2359 iis,
2039 2304 2093 2349 de
2128 2303 2282 2363 quibus
2317 2303 2475 2360 optime

286 2387 546 2439 meruerant,
594 2387 750 2445 quique
794 2387 835 2430 si
879 2385 991 2430 nihil
1023 2386 1206 2430 imcem
1236 2391 1480 2444 praestent,
1533 2385 1700 2441 indiqni
1732 2384 1912 2441 finer-int.
1986 2379 2076 2440 Qui
2112 2397 2224 2429 usus
2260 2395 2412 2444 neque
2447 2396 2475 2426 a

287 2460 537 2510 Ciceronis
575 2463 912 2513 consuetudine
947 2463 1133 2513 dicendi
1156 2462 1349 2522 alienus,
1384 2461 1445 2511 de
1482 2479 1573 2527 quo
1595 2465 1767 2511 monuit
1785 2462 2011 2525 Heusing.
2048 2459 2108 2508 ad
2128 2459 2218 2510 off.
2237 2461 2273 2519 1,
2309 2459 2391 2516 35,
2429 2459 2474 2506 2.

287 2541 366 2588 Ab
402 2541 495 2590 hoc
531 2550 680 2592 tamen
717 2560 805 2591 usu
845 2542 1047 2606 diligens
1082 2545 1274 2607 quisque
1307 2545 1507 2608 scriptor
1542 2552 1635 2591 tuin
1669 2543 1754 2590 sibi
1792 2544 1942 2600 cavit,
1978 2558 2113 2604 quum
2149 2539 2244 2589 duo
2280 2539 2475 2588 relati-va

287 2622 415 2669 iuxta
451 2623 669 2689 ponenda
716 2623 936 2670 tuissent:
989 2638 1036 2670 v.
1072 2621 1197 2669 Part.
1233 2621 1268 2669 1.
1314 2638 1359 2688 p.
1396 2622 1472 2670 14.
1543 2621 1843 2671 Coniunctivi
1888 2623 2107 2670 continuo
2150 2618 2474 2682 subsequentis

286 2705 374 2747 sint
408 2717 502 2765 ego
538 2703 718 2767 quidem
754 2706 916 2751 iustam
940 2717 1030 2751 non
1074 2705 1306 2769 perspicio
1335 2701 1617 2752 defendendi
1649 2705 1894 2751 rationem:
1930 2717 2050 2764 quae
2085 2703 2208 2750 enim
2244 2703 2475 2748 contraria

286 2780 592 2846 appellantur,
629 2797 689 2830 ea
704 2797 856 2846 neque
875 2782 997 2840 ficta,
1035 2798 1188 2846 neque
1215 2782 1352 2831 dubia
1380 2799 1490 2832 esse
1514 2790 1722 2848 possunt.
1785 2782 1942 2841 Quare
1969 2781 2117 2829 malim
2146 2796 2250 2829 cum
2280 2789 2474 2843 utroque

287 2859 541 2909 Parisiensi
576 2860 771 2926 aliisque
810 2871 912 2909 sum
947 2862 1222 2912 rescribere.
1291 2863 1447 2927 Atque
1492 2864 1674 2913 omnino
1720 2861 1812 2910 dici
1848 2878 1939 2910 non
1976 2868 2154 2927 potest,
2210 2870 2320 2926 quot
2357 2861 2474 2910 locis

287 2942 489 3004 genuina
506 2939 639 2989 Fabii
675 2944 904 3008 scriptura
938 2958 966 2990 a
1001 2958 1148 3009 prava
1182 2942 1417 2992 modorum
1451 2942 1718 2993 conditione
1753 2942 1905 2991 adhuc
1942 2942 2133 2991 laboret.
2168 2943 2225 2991 V,
2263 2942 2389 2990 Part.
2415 2941 2473 2987 u.

286 3034 332 3084 p.
370 3016 402 3065 9
439 3026 484 3068 et
525 3018 601 3069 10.
673 3019 842 3072 Restat
886 3028 936 3071 ut
979 3020 1126 3072 verbo
1171 3020 1234 3071 de
1276 3021 1433 3089 Sarpii
1477 3027 1736 3071 commento
1783 3021 1983 3082 dicatur,
2037 3024 2112 3086 qui
2158 3035 2244 3087 pro
2280 3024 2475 3066 ineu-ime

287 3098 535 3165 legendum
590 3104 771 3152 censuit
822 3103 1081 3166 maqnifice‚
1136 3102 1325 3165 Quaest.
1379 3119 1421 3175 pg
1468 3101 1558 3163 56,
1612 3103 1820 3167 quoniam
1858 3102 2189 3170 Pythagoreos
2242 3109 2373 3150 certe
2427 3108 2473 3149 et
