2799 3569
1200 139 1576 187 -22-

290 283 394 330 eius
429 280 660 330 elementa
693 282 863 330 exacta
906 276 1089 327 facilius
1116 274 1320 346 ,prodire
1364 276 1616 328 videretur.
1686 275 1923 337 Quocirca
1956 277 2044 328 hac
2081 296 2145 329 ex
2178 285 2308 347 parte
2343 279 2478 328 locus

291 376 366 411 me
400 359 583 425 quidem
616 357 771 409 iudice
788 374 875 425 pro
909 359 1125 408 restituto
1143 355 1301 406 haberi
1321 363 1490 423 potest.
1543 357 1704 421 Atque
1737 361 1788 405 ut
1816 356 1992 418 Turio„
2027 362 2091 408 ita
2106 360 2262 409 Bamb.
2298 374 2478 424 quoque

290 443 557 488 ewen-itaemde
589 456 728 498 mens,
765 436 886 488 unde
909 440 1100 495 danum,
1136 441 1304 503 sponte
1337 439 1555 487 nascitur.
1600 436 1668 486 At
1702 452 1796 486 non
1826 438 1934 487 item
1966 437 2028 488 de
2052 442 2313 506 posteriore
2347 439 2480 487 buius

293 520 389 569 loci
422 526 555 586 parte
588 521 765 578 sentio,
799 519 846 565 in
883 532 973 582 qua
1007 515 1134 582 quod
1151 515 1384 565 Philandri
1405 530 1470 565 ex
1490 518 1760 565 coniectura
1789 516 2011 582 vulgatur
2044 523 2296 567 memoriam
2326 527 2480 578 poste-

293 602 440 645 nitatis
472 602 603 644 recte
638 595 821 660 quidem
854 596 917 643 ad
951 612 1138 645 sensum
1179 594 1392 659 quadrat,
1438 600 1577 660 atque
1617 593 1740 643 adeo
1786 594 1848 642 de
1883 611 2012 645 more
2047 599 2285 665 scriptoris
2321 597 2480 654 nostri,

295 681 369 741 qui
405 692 465 724 ea
493 676 648 741 phrasi
684 679 872 742 saepius
906 693 1020 723 usus
1057 682 1155 735 est,
1208 675 1374 722 dictum
1420 681 1515 734 est,
1570 674 1658 723 sed
1691 675 1810 722 Mss.
1855 678 2113 742 scripturae
2146 680 2209 725 ita
2242 681 2480 743 repugnat,

295 763 345 803 ut
378 758 542 805 merito
575 754 700 803 aliud
736 755 979 820 quidquam
1013 771 1042 802 a
1076 754 1226 802 Fabio
1270 753 1526 819 profectum
1580 769 1693 801 esse
1728 768 1942 802 censeas.
2013 756 2186 822 Neque
2217 757 2400 821 longius
2434 754 2480 801 id

295 834 606 901 quaerendum
650 840 739 883 est.
808 835 993 885 Etenim
1040 850 1101 884 eo
1148 834 1279 892 locu,
1333 849 1424 898 quo
1475 847 1597 881 nunc
1639 838 1912 893 posteritatis
1964 835 2230 896 exhibetur,
2291 835 2483 884 codices

296 916 474 983 plurimi
510 931 615 964 cum
649 914 958 965 Sicbardiano
993 914 1074 963 vel
1111 920 1222 962 artis
1253 915 1475 973 offerunt,
1512 912 1592 961 vel
1629 913 1723 962 tale
1758 913 1955 978 aliquid,
1990 915 2115 980 quod
2151 916 2290 965 facile
2325 931 2388 965 ex
2424 930 2483 963 eo

299 1001 562 1063 corruptum
597 1010 710 1044 esse
744 998 974 1060 arguitur,
1009 994 1148 1059 quale
1183 1003 1255 1043 est
1289 999 1396 1040 attis
1428 996 1473 1040 in
1490 992 1675 1052 Turio„⁹
1713 993 1793 1041 vel
1828 1002 1952 1040 artus
1990 997 2035 1042 in
2066 996 2252 1057 Almel.,
2287 995 2366 1045 vel
2401 999 2485 1042 atie

298 1079 343 1125 in
378 1076 536 1125 Bamb.
604 1076 685 1125 Ac
720 1078 761 1124 si
794 1078 840 1123 in
875 1075 1003 1127 Flor.
1043 1076 1257 1124 scribitur
1291 1078 1440 1122 attidis
1470 1078 1715 1134 peraverit,
1759 1074 1817 1122 ab
1852 1074 2001 1123 altera
2034 1093 2116 1136 m.,
2152 1092 2283 1141 quam
2318 1090 2485 1124 revera

298 1172 385 1221 pro
421 1158 706 1205 correctrice
740 1153 997 1204 habendam
1032 1170 1145 1204 esse
1182 1160 1389 1214 constat,
1425 1155 1696 1219 rescriptum
1737 1160 1812 1202 est
1847 1158 1957 1201 artis
1989 1161 2238 1215 speraverit.
2309 1157 2359 1203 ln
2394 1154 2486 1203 hoc

300 1251 538 1284 consensu
572 1234 788 1283 librorum
823 1238 1018 1284 omnium
1052 1250 1145 1283 non
1168 1233 1308 1283 video
1330 1248 1414 1282 cur
1448 1249 1541 1282 nou
1576 1232 1623 1280 id
1641 1235 1787 1298 ipsum
1810 1237 1920 1280 artis
1952 1249 2039 1299 pro
2072 1238 2277 1299 genuino
2311 1234 2484 1283 habea-

301 1332 415 1372 mus,
451 1315 608 1380 paullo
636 1317 885 1374 concisius,
921 1314 1009 1364 sed
1031 1313 1153 1363 haud
1181 1316 1324 1361 minus
1344 1312 1607 1372 Quintiliani
1626 1312 1688 1361 de
1706 1312 2046 1362 consuetudine
2067 1313 2237 1363 dictum
2257 1330 2341 1381 pro
2378 1323 2487 1360 artas

299 1411 426 1450 sime,
461 1402 552 1442 non
589 1393 846 1443 abhorrens
880 1394 939 1442 ab
976 1410 1034 1443 ea
1067 1393 1251 1442 dicendi
1285 1391 1454 1451 forma,
1509 1408 1598 1456 qua
1633 1390 1809 1442 Cicero
1855 1409 1969 1441 usus
2018 1399 2091 1443 est
2125 1394 2251 1442 Brut.
2286 1393 2344 1453 9,
2397 1391 2487 1439 38:

299 1484 349 1520 ut
380 1478 635 1521 memoriam
671 1477 976 1522 concitutitatis
1012 1491 1119 1523 suae
1157 1512 1165 1521 .
1207 1512 1214 1520 .
1252 1511 1263 1521 .
1297 1476 1571 1533 relinqueret.

1303 1641 1349 1693 s.
1406 1634 1485 1682 44.

405 1756 484 1800 alii
515 1769 673 1813 pressa
707 1753 881 1800 danum
915 1761 959 1798 et
994 1754 1161 1808 tenuia,
1197 1759 1242 1798 et
1271 1767 1383 1811 quae
1412 1754 1637 1799 minimum
1672 1753 1727 1797 ab
1761 1766 1844 1798 usu
1873 1754 2123 1810 quotidiano
2157 1756 2387 1810 recedant,

304 1866 563 1916 Parendum
600 1864 786 1915 videtur
818 1864 948 1913 libris
964 1864 1099 1924 Mss,
1135 1880 1199 1914 ex
1235 1864 1394 1929 quibus
1415 1864 1648 1929 colligitur
1662 1899 1675 1923 ,
1711 1864 2001 1913 scribendum
2039 1881 2150 1915 esse
2186 1870 2330 1914 tenuia
2365 1874 2492 1927 atque

304 1964 442 2008 quae,
477 1963 507 1995 a
543 1944 840 1997 Gerubardio
874 1960 998 1994 nunc
1033 1947 1297 2012 repositum.
1362 1944 1520 1993 Turic.
1556 1944 1711 1993 Bamb.
1758 1951 1807 1994 et
1840 1944 1971 1995 Flor.
2009 1949 2126 1994 tenui
2160 1956 2316 2007 atque,
2369 1945 2492 2009 quod

303 2029 349 2074 in
385 2025 545 2075 Turio.
581 2043 611 2075 a
646 2044 701 2074 m.
738 2041 836 2075 sec.
873 2032 1141 2075 correctum
1176 2033 1251 2074 est
1292 2029 1439 2073 tenuia
1473 2034 1602 2086 atque
1636 2042 1769 2086 cymae,
1824 2036 1871 2076 et
1924 2029 1998 2075 sic
2043 2026 2119 2074 alii
2166 2042 2350 2091 quoque
2393 2026 2490 2075 libri

304 2105 581 2172 Spaldingio
616 2104 801 2155 laudati.

407 2213 619 2270 quosdam
653 2212 811 2257 elatior
844 2213 1005 2269 inqenae'i
1037 2213 1126 2266 vis,
1163 2218 1207 2255 et
1238 2213 1378 2269 mayis
1412 2213 1652 2267 concitata,
1690 2218 1733 2256 et
1768 2211 1848 2256 alti
1881 2213 2063 2269 spiritus
2094 2213 2228 2270 plena
2261 2213 2391 2268 capit.

306 2312 562 2371 „lusertum
599 2329 628 2359 a
650 2309 814 2377 Spald.
851 2314 958 2369 alti,
994 2310 1119 2375 quod
1154 2313 1421 2360 coniecerat
1455 2313 1591 2360 etiam
1607 2312 1921 2370 Burmannus,
1958 2310 2304 2360 excludendum
2337 2313 2495 2375 putavi

307 2404 410 2441 cum
448 2404 649 2441 censore
666 2389 782 2451 len„
818 2406 952 2456 quum
974 2389 1253 2440 Turicensis
1288 2391 1513 2457 scriptura
1548 2392 1639 2439 alia
1671 2392 1843 2452 [alias]
1877 2394 2064 2452 sputim,
2092 2388 2352 2439 Florentini
2386 2390 2495 2437 alios

306 2474 504 2531 ερατ-εἰπε
537 2469 731 2519 librariis
765 2469 927 2521 deberi
963 2469 1215 2521 videretur.
1267 2468 1376 2519 Vid.
1411 2469 1471 2520 ad
1505 2477 1550 2530 S.
1587 2468 1699 2520 35.⁴‘
1751 2470 1888 2521 Haec
1922 2468 2265 2531 Frotscherus‚
2301 2471 2375 2535 qui
2409 2469 2439 2518 l.
2467 2469 2495 2518 1.

308 2550 550 2600 adnotavit
583 2567 629 2616 p.
647 2548 740 2598 37:
796 2551 949 2610 „Nam
984 2549 1109 2615 quod
1126 2586 1138 2598 .
1160 2585 1171 2598 .
1193 2586 1205 2598 .
1240 2549 1412 2615 legitur
1437 2553 1528 2598 alia
1562 2560 1803 2609 oratorum,
1839 2553 1885 2600 in
1921 2567 1980 2600 ea
2013 2556 2144 2601 recte
2181 2548 2296 2598 vidit
2329 2565 2498 2599 censor

310 2630 408 2678 len.
444 2633 536 2677 alia
569 2629 827 2697 profectum
863 2644 975 2679 esse
1009 2645 1049 2678 a.
1073 2629 1290 2691 librariis,
1331 2631 1422 2677 alia
1457 2629 1739 2697 exemplaria
1773 2646 1859 2698 pro
1895 2640 2117 2680 oratorum
2149 2628 2275 2678 aliud
2310 2629 2497 2679 verbum

309 2710 535 2777 praebere
572 2709 947 2774 significantibus.
1017 2710 1241 2774 Idemque
1284 2710 1456 2759 indicat
1488 2710 1602 2759 illud
1638 2714 1776 2768 alias,
1831 2711 1956 2776 quod
1998 2711 2043 2760 h.
2077 2711 2108 2759 l.
2154 2712 2199 2758 in
2235 2709 2498 2774 quibusdam

310 2790 436 2838 libris
471 2795 722 2855 comparet.
791 2790 899 2840 Hoc
936 2792 1055 2839 euim
1094 2790 1240 2840 verbo
1278 2795 1324 2839 et
1360 2791 1462 2856 ipso
1498 2791 1769 2856 saepissime
1806 2790 2071 2850 utebantur,
2124 2791 2164 2838 si
2200 2790 2277 2852 qui
2310 2788 2498 2839 aliorum

312 2869 526 2917 librorum
561 2868 793 2918 lectiones
839 2868 1018 2918 vellent
1065 2874 1465 2919 commemorare.“
1544 2868 1684 2918 Hunc
1731 2876 1923 2919 secutus
1954 2866 2271 2921 Gernhardius
2323 2868 2499 2934 expulit

313 2950 418 3005 alti,
454 2945 578 3012 quod
614 2953 746 2998 recte
780 2946 949 2998 factum
972 2962 1097 3007 esse,
1138 2951 1335 3013 egregie
1358 2962 1480 2999 nunc
1496 2948 1718 2998 docemur
1737 2964 1801 2999 ex
1824 2949 2172 3014 Bambergensi‚
2208 2947 2499 3013 corruptelae

313 3076 538 3136 originem
570 3072 810 3122 manifeste
846 3074 1138 3123 ostendente.
1210 3074 1280 3122 Ibi
1320 3078 1437 3131 enim
1482 3078 1698 3142 scriptum
1741 3026 1875 3135 plegii
1888 3032 2169 3135 ᾜιῖαρίι.
2234 3073 2349 3123 Utar
2384 3089 2500 3124 vero
