2799 3569
1226 170 1591 240 ἠδ..

317 317 452 363 ritate
484 311 695 363 codicum
732 313 820 360 nisi
855 311 1141 370 sustulimus„
1187 323 1304 359 ecce
1339 323 1461 358 nunc
1496 310 1540 356 in
1577 307 1733 356 Bamb.
1769 308 1985 370 offertur,
2033 312 2072 359 si
2108 308 2288 376 quidem
2322 309 2506 360 silentio

317 393 606 444 Enderleinii
642 391 765 456 fides
799 391 1013 441 habenda
1046 397 1132 440 est.
1202 390 1297 439 Pro
1332 393 1534 438 nitidiore
1569 387 1725 438 Bamb.
1763 392 1975 438 tidiorem.

455 480 501 533 5.
539 472 618 521 10.
689 482 732 520 et
765 477 1007 533 ubicunque
1041 480 1169 519 erum
1202 474 1374 531 posita,
1419 473 1670 517 comem‘ant
1704 472 1753 518 et
1787 483 1896 518 mox
1927 474 2147 529 possimus
2179 470 2361 531 Bamb.,
2413 471 2506 521 hoc

318 571 423 602 cum
457 552 617 602 Tui-ic.
654 557 702 601 et
725 551 854 601 Flor.
924 549 1111 600 Deinde
1145 549 1301 598 Bamb.
1338 566 1505 597 ornnem
1537 553 1866 604 miser-monem,
1903 550 2027 612 quod
2062 551 2187 600 ducit
2217 550 2276 598 ad
2311 551 2506 600 eandem

318 634 581 692 lectionem,
618 647 680 680 ex
718 631 937 695 vestigiis
972 636 1234 680 ceterorum
1269 627 1404 678 codd.
1434 629 1608 677 iamiam
1644 632 1844 686 erutam3
1879 626 2061 677 dubium
2095 647 2214 679 vero
2248 637 2411 689 manet,
2446 646 2505 677 an

320 728 418 759 cum
453 713 641 760 omittat.

458 799 503 849 5.
542 790 619 838 11.
690 793 831 839 aliave
867 806 970 839 cum
1006 790 1195 855 reliquis
1230 789 1431 841 melioris
1475 794 1614 837 notae
1659 785 1900 836 codicibus
1935 788 2114 851 Bamb.,
2166 789 2385 841 videlicet
2419 805 2503 858 pro

321 876 412 918 ulia
445 890 555 917 vero.
629 869 750 918 Cum
802 870 964 918 iisdem
1015 886 1125 917 mox
1177 873 1290 918 miro
1331 884 1567 918 consensu
1601 868 1757 915 Bamb.
1810 884 1946 928 quare
1995 885 2081 934 pro
2133 874 2281 932 qeaeasi,
2332 872 2378 918 in
2413 885 2505 935 quo

322 950 603 1018 explicando
640 950 919 1018 Spaldingio
955 949 1137 1016 quidem
1173 951 1424 999 obsecutus
1455 964 1568 1010 sum,
1603 962 1737 997 unam
1770 948 1939 1014 quippe
1971 947 2252 1001 defendendi
2286 952 2505 1001 rationem

321 1038 583 1081 ceterorum
636 1031 862 1081 editorum
915 1033 1184 1080 commentis
1231 1032 1607 1097 praestantiorem
1659 1031 1953 1077 monstranti:
2006 1030 2093 1080 sed
2144 1031 2293 1081 fateor
2336 1033 2382 1079 in
2415 1030 2504 1078 hac

322 1111 537 1161 codicum
567 1114 841 1177 optimorum
875 1113 1129 1177 pertinacia
1164 1125 1286 1159 nunc
1333 1125 1393 1160 eo
1437 1125 1509 1159 me
1556 1108 1803 1158 adductum
1847 1123 1981 1168 esse,
2033 1116 2082 1158 ut
2117 1127 2250 1176 quum
2284 1113 2372 1159 ista
2404 1126 2502 1160 vox

322 1194 507 1241 omnino
542 1208 571 1239 a
604 1190 751 1240 Voss.
786 1190 820 1239 2
865 1196 913 1239 et
948 1189 1108 1256 Camp.
1145 1190 1287 1251 absit,
1345 1188 1635 1240 Gernhardio
1670 1189 1817 1238 malim
1853 1189 2143 1256 adstipulari,
2194 1193 2370 1240 uncinis
2403 1207 2502 1239 eam

322 1270 602 1321 includenti:
637 1273 726 1319 nisi
760 1270 882 1320 sorte
918 1274 991 1320 cui
1027 1270 1268 1337 probabile
1285 1270 1519 1331 videatur,
1556 1269 1740 1319 doctum
1770 1269 1968 1334 aliquem
2002 1270 2228 1319 librarium
2261 1286 2345 1340 pro
2380 1276 2504 1331 qaut-si

324 1354 573 1419 scripsisse
627 1369 761 1414 quase
804 1351 953 1414 (facili
1008 1353 1199 1416 negotio
1235 1353 1280 1398 iu
1322 1367 1457 1412 quare
1500 1349 1933 1415 corrumpendum),
1987 1367 2076 1415 qua
2126 1352 2271 1401 forma
2320 1356 2503 1418 praeter

324 1431 510 1481 Livium
545 1434 774 1481 etiamtum
792 1432 1051 1480 Asconium
1069 1430 1322 1480 Pedianum
1356 1446 1486 1479 usum
1514 1444 1626 1479 esse
1644 1429 1950 1489 Quintilianus
1966 1437 2130 1481 auctor
2164 1437 2239 1481 est
2271 1432 2308 1492 1,
2343 1429 2390 1490 7,
2425 1429 2503 1478 24.

462 1519 507 1570 5.
545 1511 624 1560 12.
693 1516 961 1559 commiserit
1000 1516 1045 1558 in
1092 1515 1200 1559 talia
1246 1526 1348 1560 cum
1382 1510 1511 1560 Flor.
1557 1516 1606 1559 et
1640 1510 1799 1559 Turic.
1834 1510 1991 1560 Bamb.
2060 1512 2189 1561 Idem
2236 1519 2281 1570 5.
2318 1511 2381 1560 14
2424 1527 2505 1558 usu

326 1608 411 1658 pro
445 1596 539 1638 visu
573 1606 677 1656 cum
711 1590 902 1655 reliquis
937 1590 1143 1639 omnibus
1180 1590 1339 1652 codd.,
1376 1596 1564 1639 notante
1600 1589 1917 1640 Enderleinio.

464 1680 510 1730 5.
548 1670 627 1719 17.
696 1671 854 1719 Bamb.
902 1685 1005 1719 cum
1048 1671 1149 1718 aliis
1197 1670 1333 1719 codd.
1379 1674 1623 1718 commodat
1655 1680 1733 1718 atet
1775 1675 2052 1732 quisquisque
2088 1676 2232 1731 locus,
2269 1677 2315 1721 et
2349 1678 2393 1730 5.
2428 1670 2505 1719 19.

328 1758 527 1810 impetu-s.
597 1750 773 1799 Ibidem
808 1755 916 1817 post
949 1755 1037 1797 sive
1070 1755 1302 1798 memoriae
1337 1750 1545 1799 adiicitur
1563 1755 1754 1811 penitus,
1790 1749 1914 1815 quod
1946 1751 2340 1817 interpolationem
2377 1752 2505 1816 sapit.

328 1839 374 1888 5.
420 1829 501 1877 20.
548 1828 670 1877 idem
717 1835 1063 1891 praecipueque,
1118 1832 1275 1879 invitis
1318 1830 1476 1878 Turic.
1528 1830 1721 1895 aliisque
1768 1830 1906 1878 libris.
1988 1836 2033 1887 5.
2080 1830 2159 1879 21.
2206 1832 2507 1877 dissimulatim

329 1913 560 1958 ιἠθίἆὶαεῑιε
596 1919 742 1957 orator
780 1918 934 1971 eatque
969 1909 1126 1959 Bamb.

468 1996 514 2048 5.
549 1988 631 2038 22.
700 1989 856 2038 Bamb.
879 1991 1008 2038 Servi
1028 1990 1205 2050 Sulpici
1239 1996 1286 2040 et
1306 2007 1414 2041 mox
1437 1996 1579 2049 Cassi,
1618 1990 1998 2057 adstipulantibus
2028 1995 2075 2039 et
2093 1990 2221 2040 Flor.
2260 1997 2308 2040 et
2326 1991 2507 2038 Turio:

330 2070 494 2134 quibus
530 2067 592 2118 de
625 2071 821 2131 genitivi
854 2069 1013 2119 formis
1049 2069 1327 2128 Quintiliano
1362 2070 1652 2119 vindicandis
1691 2088 1825 2134 quum
1859 2074 1946 2118 iam
1982 2073 2258 2118 monuissem
2292 2070 2415 2117 Part.
2450 2070 2509 2116 11.

330 2169 374 2217 p.
410 2149 516 2209 22.,
551 2165 674 2198 nunc
709 2165 802 2198 non
836 2151 940 2199 sine
975 2151 1109 2198 animi
1143 2153 1433 2200 recreatione
1469 2154 1701 2217 cognovi,
1737 2154 1873 2200 etiam
1907 2152 1968 2200 H.
2006 2152 2253 2217 Meyerum
2286 2152 2331 2198 in
2362 2149 2508 2210 Quin-

331 2231 490 2278 tiliano
525 2246 612 2278 suo
657 2229 716 2277 Τ.
751 2230 787 2277 Ι.
822 2247 867 2295 p.
903 2230 975 2289 3.,
1029 2247 1119 2294 qua
1171 2231 1374 2281 editione
1426 2235 1621 2280 omnium
1674 2238 1898 2297 quotquot
1940 2231 2091 2279 adhuc
2135 2230 2356 2293 vulgatae
2407 2235 2511 2276 sunt

334 2312 503 2376 optima
536 2315 630 2357 tum
665 2309 898 2369 carebam,
933 2309 1054 2358 idem
1088 2310 1226 2376 plane
1262 2314 1482 2361 sensisse.

472 2395 517 2447 5.
552 2387 634 2438 24.
703 2388 798 2437 Pro
843 2395 1015 2449 matyrii,
1069 2390 1195 2454 quod
1241 2391 1478 2456 vulgatur,
1523 2393 1677 2443 Bamb.
1725 2400 1835 2450 onie,
1888 2407 2006 2455 quos
2059 2391 2306 2439 litterarum
2351 2388 2515 2437 ductus

334 2468 665 2518 Enderleinius
700 2475 857 2517 monet
898 2469 959 2516 ad
995 2475 1146 2529 optimi
1180 2470 1381 2530 ducere,
1433 2470 1479 2518 id
1523 2474 1670 2537 ipsum
1716 2471 1841 2536 quod
1875 2470 2054 2537 Sarpii‚
2106 2485 2198 2518 non
2232 2468 2516 2527 Frotscheri,

336 2555 385 2596 ut
419 2547 650 2608 dixeram,
686 2549 873 2612 ingenio
909 2547 1131 2598 debemus
1169 2549 1383 2614 quodque
1417 2551 1733 2616 reponendum
1768 2566 1879 2601 esse
1913 2549 2145 2599 adnotavi.

474 2635 520 2687 5.
555 2626 638 2676 25.
706 2631 979 2688 repa-ierunt
1025 2629 1183 2680 Bamb.
1230 2631 1500 2697 conspirans
1551 2646 1654 2680 cum
1697 2630 1826 2681 Flor.
1873 2637 1922 2681 et
1967 2628 2071 2679 edd.
2116 2626 2345 2678 nonnullis
2389 2633 2517 2687 vett,

338 2707 463 2773 quod
499 2710 541 2756 si
574 2710 621 2756 in
654 2717 910 2768 reperet-mu
943 2712 1219 2771 mutaveris,
1268 2709 1486 2775 vulgatae
1532 2711 1722 2761 lectioni
1760 2716 2003 2772 reperietur
2045 2710 2363 2758 concinnitatis
2406 2708 2517 2773 lege

338 2786 642 2836 Enderleinio
677 2787 1030 2854 praeferendum
1065 2789 1261 2839 videtur.
2055 2803 2063 2810 “
2322 2790 2324 2794 ’

476 2875 521 2926 5.
557 2866 637 2916 26.
708 2868 865 2916 Bamb.
901 2873 1118 2928 modesto,
1155 2869 1279 2935 quod
1315 2872 1555 2920 etiamnum
1589 2871 1830 2938 displicet,
1878 2873 2086 2936 quamvis
2120 2869 2253 2917 aliter
2293 2871 2521 2917 sentiente

341 2946 658 2996 Enderleinio.
729 2954 774 3006 5.
811 2946 892 2995 27.
937 2965 1023 3015 pro
1060 2953 1271 2998 blanditia
1305 2951 1458 2999 Bamb.
1504 2951 1634 3001 solus
1671 2956 1892 3010 libertate,
1939 2950 2064 3017 quod
2099 2965 2163 2998 ex
2198 2964 2294 3013 seq.
2328 2948 2521 3015 periodo

342 3025 670 3075 Euderleinius
705 3025 796 3075 huc
833 3030 1080 3094 irrepsisse
1115 3035 1267 3096 putat,
1303 3032 1473 3097 pariter
1507 3037 1645 3096 atque
1681 3037 1839 3090 etiam,
1875 3029 2000 3096 quod
2035 3043 2144 3078 mox
2178 3035 2224 3086 5.
2255 3026 2334 3076 28.
2369 3028 2522 3076 Bamb.

342 3113 451 3170 post
485 3123 664 3167 eamque
698 3109 788 3168 (ita
822 3110 941 3156 enim
977 3124 1079 3156 cum
1114 3111 1312 3175 optimis.
1329 3108 1450 3158 idem
1493 3125 1578 3177 pro
1625 3120 1671 3158 et
1711 3117 1836 3172 emn)
1873 3110 2023 3171 addit,
2077 3107 2260 3157 aliunde
2292 3110 2524 3157 invectum
