2799 3569
1205 222 1578 272 ...20-

300 363 502 413 Fabricii
537 363 653 413 Bibl.
691 363 795 412 Lat.
830 360 888 409 Τ.
925 359 986 408 Π.
1021 376 1062 426 p.
1094 359 1193 408 451
1232 373 1328 424 seq.
1398 361 1575 410 Horum
1610 375 1843 429 numerum
1877 375 2006 409 novo
2040 362 2195 427 aliquo
2230 369 2486 411 commento

300 460 478 510 augere
513 445 692 493 minime
726 442 875 491 lubet:
928 443 1060 489 immo
1104 440 1246 494 multo
1285 440 1418 507 plura
1452 456 1583 506 quam
1618 439 1767 506 vulgo
1801 446 2003 508 putatum
2038 442 2082 489 in
2119 441 2318 492 exordio
2353 441 2485 491 huius

298 526 457 590 operis
491 526 747 581 interiisse,
800 526 934 568 certo
984 518 1396 570 demonstraturum
1450 536 1523 569 me
1575 518 1776 570 confido.
1846 519 2030 569 Etenim
2077 520 2246 572 interiit
2279 537 2486 586 prorsus,

297 619 418 669 quae
451 616 578 651 more
614 599 791 649 saeculi
827 603 971 649 totum
1006 613 1125 665 opus
1161 606 1370 661 ornaret,
1406 596 1638 666 praefatio
1668 597 1919 665 quaedam,
1941 599 2035 652 ,vel
2069 603 2201 651 certe
2237 598 2486 659 dedicatio,

298 681 419 747 quod
454 678 694 728 manifeste
727 677 873 743 liquet
908 694 969 727 ex
1006 678 1073 727 Io.
1109 679 1246 729 Laur.
1283 679 1407 745 Lyd.
1444 679 1506 729 de
1540 694 1657 744 mag.
1692 678 1825 729 Rom.
1860 679 1923 739 11,
1958 678 2005 727 6.
2039 695 2083 745 p.
2122 677 2247 740 102,
2283 681 2373 744 qui,
2408 680 2486 727 ubi

295 762 355 810 de
390 759 683 826 praefectura
717 759 941 824 praetorii
962 758 1108 807 verba
1129 758 1258 808 facit:
1296 759 1579 824 Τράγκυλλος
1606 762 1747 811 τοίνυν
1761 796 1775 821 ‚
1810 761 1975 824 inquit,
2008 759 2114 814 τοὺς
2146 769 2237 809 τῶν
2256 760 2484 824 Καισάρων

295 843 414 904 βίους
449 841 496 888 ἐν
533 841 750 905 γράμμασι
786 839 1023 888 ἀποτείνων
1052 838 1117 899 ¹²)
1155 839 1384 904 Σεπτιμίῳ,
1421 838 1473 893 ὃς
1513 840 1570 906 ἦν
1599 842 1797 906 ὕπαρχος
1825 849 1918 889 τῶν
1945 849 2274 906 πραιτωριανῶν
2296 826 2484 904 σξιειρῶν

295 923 361 970 ἐπ’
413 923 578 980 αὐτοῦ,
620 921 883 985 πραίφεκτον
925 918 1058 966 αὐτὸν
1112 929 1202 968 τῶν
1241 929 1570 984 πραιτωριανῶν
1614 922 1844 985 ταγμάτων
1892 920 1963 967 καὶ
1983 960 1989 965 .
2008 922 2246 985 φαλάγγων
2288 918 2485 985 ἡγεμόνα

294 1004 524 1067 τυγχάνειν
560 1000 797 1065 ἐδήλωσεν.
870 998 949 1047 Ad
985 1014 1105 1062 quae
1150 998 1292 1049 verba
1334 1004 1471 1047 acute
1506 998 1708 1048 Fussius
1742 999 2007 1049 adnotavit:
2060 997 2147 1057 „Si
2181 1014 2334 1062 neque
2371 1014 2483 1049 cor-

295 1089 455 1144 ruptus
492 1084 567 1127 est
602 1086 785 1137 textus,
838 1093 990 1141 neque
1025 1077 1198 1127 fallitur
1230 1077 1421 1142 Lydus3
1475 1081 1684 1142 sequitur
1718 1078 2017 1139 Suetonium,
2052 1076 2175 1142 quod
2209 1077 2290 1127 ille
2326 1077 2483 1137 refert,

294 1164 338 1208 in
375 1157 664 1226 praefatione
698 1154 988 1217 ostendisse,
1028 1158 1074 1204 in
1110 1173 1201 1221 qua
1233 1157 1353 1208 vitas
1388 1154 1645 1207 Caesarum
1680 1157 1911 1224 Septimio
1944 1156 2279 1207 dedicaverit.“
2334 1156 2484 1216 Quum

295 1256 415 1288 vero
449 1254 536 1305 per
571 1253 625 1286 se
659 1235 785 1284 nulla
817 1238 968 1302 possit
1002 1238 1198 1301 cogitari
1234 1251 1425 1297 caussa,
1478 1251 1563 1286 cur
1601 1235 1691 1286 hac
1725 1239 1772 1286 in
1808 1253 1862 1289 re
1898 1235 2084 1303 Lydum
2127 1236 2291 1286 falsum
2335 1235 2483 1286 fuisse

295 1320 527 1377 dicamus,
580 1315 721 1382 digna
757 1331 873 1365 sane
908 1332 989 1366 res
1024 1323 1121 1377 est,
1175 1319 1220 1365 in
1253 1333 1384 1381 quam
1418 1315 1689 1382 diligentius
1723 1319 1998 1381 inquiratur,
2050 1333 2186 1381 quum
2220 1318 2259 1365 si
2294 1315 2402 1382 quid
2436 1317 2483 1365 in

294 1398 419 1465 Lydi
456 1398 564 1447 loco
599 1396 704 1445 falsi
738 1398 883 1456 inest,
939 1395 985 1445 id
1022 1412 1113 1446 non
1150 1398 1350 1457 auctori,
1398 1395 1485 1447 sed
1518 1396 1803 1446 librariorum
1836 1396 2153 1462 negligentiae
2187 1397 2484 1464 probabiliter

291 1479 451 1526 deberi
486 1476 841 1525 demonstraturi
876 1478 1030 1524 simus.
1101 1475 1248 1526 Omne
1265 1485 1418 1525 autem
1440 1476 1575 1525 huius
1611 1478 1895 1539 quaestionis
1931 1482 2204 1526 momentum
2239 1493 2268 1524 a
2302 1478 2482 1525 nomine

290 1557 514 1623 praefecti
548 1554 744 1622 pendet,
780 1557 914 1605 cuius
948 1555 1143 1607 hominis
1177 1556 1378 1604 notitiam
1398 1553 1567 1604 frustra
1592 1557 1804 1620 quaesivi
1839 1557 1884 1604 in
1920 1554 2190 1619 aequalibus
2212 1554 2481 1620 Tranquilli.

290 1635 471 1686 Contra
523 1651 642 1685 vero
695 1634 802 1683 mihi
854 1650 965 1685 sese
1007 1634 1172 1684 obtulit
1211 1639 1255 1683 0.
1296 1635 1521 1695 Septicius
1561 1634 1742 1700 quidam
1795 1636 2074 1699 cognomine
2113 1637 2296 1693 Clamas,
2349 1649 2482 1699 quem
2524 1638 2527 1640 ’

289 1720 440 1766 omnia
475 1715 672 1765 suadent
717 1721 768 1764 ut
810 1732 895 1781 pro
940 1731 1000 1764 eo
1048 1717 1152 1781 ipso
1199 1714 1467 1776 habeamus,
1514 1718 1590 1764 cui
1624 1715 1882 1766 Suetonius
1926 1732 2045 1782 opus
2079 1732 2207 1765 suum
2243 1713 2481 1765 dedicarit.

286 1795 496 1859 Pmesuit
531 1797 651 1843 enim
684 1797 726 1842 is
760 1794 1001 1843 Hadriano
1038 1797 1285 1859 imperante
1314 1797 1547 1860 praetorio
1582 1801 1721 1859 atque
1757 1794 1952 1847 eandem
1985 1810 2089 1844 cum
2107 1793 2354 1855 Suetonio,
2390 1800 2481 1843 tum

287 1874 584 1939 epistolarum
618 1875 855 1938 magistro,
892 1878 1065 1923 sortem
1093 1875 1203 1935 iniit,
1239 1876 1405 1940 quippe
1439 1875 1602 1939 quibus
1637 1891 1772 1939 quum
1805 1890 1896 1923 una
1930 1888 2034 1923 cum
2068 1873 2172 1922 aliis
2207 1873 2373 1934 multis,
2409 1877 2483 1935 qai

288 1958 410 2014 apud
444 1956 659 2002 Sabinam
692 1970 881 2002 uxorem
915 1957 1195 2013 imperatoris
1234 1956 1504 2014 familiaiius
1537 1972 1585 2002 se
1619 1958 1832 2014 eyia-sent,
1880 1970 2010 2015 quam
2055 1958 2294 2002 reverentia
2330 1957 2482 2001 donum

287 2037 462 2083 aulicae
493 2036 785 2094 postulasset,
832 2032 890 2081 ab
926 2034 1204 2099 imperatore
1237 2035 1353 2083 irato
1388 2049 1697 2084 successores
1731 2033 1825 2082 dat-i
1860 2035 1964 2083 sint.
2008 2033 2071 2082 V.
2106 2032 2338 2100 Spartian.
2385 2033 2481 2081 vit.

286 2113 508 2180 Hadrian.
545 2128 586 2162 c.
617 2113 677 2161 11
718 2120 766 2164 et
804 2113 882 2163 15.
938 2113 1015 2164 Ac
1049 2114 1221 2179 passim
1243 2112 1378 2163 huius
1405 2112 1602 2181 Septicii
1636 2116 1806 2165 mentio
1841 2113 1963 2182 apud
1992 2113 2189 2164 Plinium
2209 2111 2480 2165 Secundum

286 2193 362 2255 fit,
398 2196 475 2258 qui
510 2208 614 2243 cum
637 2193 911 2258 Tranquillo
946 2208 1033 2260 pro
1067 2195 1218 2244 amico
1250 2193 1424 2255 habuit,
1460 2200 1510 2243 ut
1543 2193 1665 2245 adeo
1700 2193 1886 2244 hortatu
1921 2196 2023 2245 eius
2059 2209 2178 2259 quae
2213 2195 2481 2260 scripsisset

286 2288 341 2322 se
376 2272 638 2337 collegisse
659 2272 988 2339 publicai-eque
1022 2274 1169 2339 ipsius
1203 2275 1370 2321 nomini
1404 2276 1623 2340 inscripta
1649 2280 1696 2322 et
1731 2273 1948 2323 dedicata
1980 2279 2138 2322 narret
2159 2274 2310 2339 Epist.
2345 2272 2386 2332 Ι,
2426 2273 2479 2329 1;

286 2367 380 2416 quo
414 2351 599 2402 homine
633 2355 746 2400 nihil
776 2357 943 2409 verius,
979 2354 1092 2400 nihil
1123 2355 1380 2412 simplicius,
1414 2355 1525 2400 nihil
1541 2356 1786 2411 candidius,
1822 2356 1935 2401 nihil
1963 2354 2144 2414 fidelius
2179 2366 2234 2400 se
2270 2353 2479 2409 novisse,

286 2436 483 2479 testatur
534 2430 652 2479 idem
689 2431 840 2497 Epist.
876 2430 950 2490 Π,
986 2430 1038 2478 9:
1093 2446 1157 2479 ex
1210 2447 1297 2495 qua
1342 2432 1538 2497 epistola
1585 2432 1717 2479 simul
1764 2434 2075 2496 cognovimus
2109 2430 2308 2496 Septicii
2343 2429 2479 2477 huius

283 2510 471 2559 fratrem
506 2510 728 2559 Erucium
771 2508 983 2570 Clarum,
1035 2514 1176 2557 virum
1217 2520 1434 2567 sanctum,
1489 2515 1738 2571 antiquum,
1792 2515 2025 2568 disertum,
2078 2509 2306 2573 huiusque
2339 2508 2478 2556 filium

284 2589 487 2639 Sextum
520 2589 742 2638 Erucium
755 2625 769 2648 ,
804 2595 998 2638 iuvenem
1029 2594 1363 2649 probissimum,
1396 2595 1725 2650 yravissimum,
1762 2593 2115 2638 eruditissimum.
2170 2586 2478 2652 Eandemque

285 2668 569 2733 Septicium,
605 2674 655 2716 ut
692 2668 901 2729 videtur,
939 2669 1143 2727 Plinius,
1179 2670 1310 2718 simul
1344 2670 1580 2735 intelligit,
1618 2686 1752 2733 quum
1773 2669 1924 2736 Epist.
1961 2669 2056 2730 VI,
2095 2668 2184 2729 11,
2219 2684 2310 2732 qua
2344 2666 2475 2718 Sue-

286 2748 701 2807 toniumhortatur,
727 2755 778 2797 ut
806 2764 951 2814 opera
978 2765 1064 2796 sua
1093 2747 1172 2798 diu
1200 2751 1422 2814 promissa
1451 2749 1634 2798 tandem
1661 2750 1707 2798 in
1736 2748 1887 2800 lucem
1911 2749 2034 2809 edat,
2070 2750 2214 2815 ipsius
2232 2746 2474 2797 hendeca-

332 2951 388 2997 12)
413 2950 465 2987 Ex
490 2951 719 2987 correctione
738 2950 861 2987 Fussii
877 2951 972 2988 haud
991 2958 1113 2989 certa:
1140 2952 1229 2990 Cod.
1252 2953 1338 2988 ἀπο·
1378 2968 1381 2969 ’
1419 2959 1561 2997 exisset,
1594 2954 1802 3000 significari.
1851 2953 1906 2988 De
1938 2964 2009 3000 qua
2044 2953 2147 2988 vocis
2181 2951 2372 3001 γράμματα,
2405 2961 2473 2997 qua

283 3010 385 3045 τίνων.
410 3008 545 3044 Melius
568 3008 725 3045 sortasse
749 3009 928 3046 ἀποτελῶν.
960 3009 1041 3053 Quo
1064 3011 1172 3046 modo
1196 3022 1338 3058 cunque
1419 3021 1483 3056 pro
1508 3011 1639 3047 litteris
1664 3011 1726 3046 vel
1752 3011 1908 3057 epistola
1932 3010 2082 3054 dicitur,
2114 3022 2149 3046 v.
2173 3009 2314 3045 Budaei
2339 3006 2474 3043 Comm.

284 3065 329 3100 de
354 3064 423 3101 hac
446 3065 603 3103 lectione
617 3070 767 3110 stamas,
790 3066 889 3104 idem
900 3067 1062 3104 manebit
1081 3078 1215 3104 sensus
1231 3067 1338 3104 huius
1418 3067 1503 3114 ling.
1537 3066 1600 3104 Gr.
1636 3080 1670 3116 p.
1708 3070 1787 3104 251.
1842 3067 1984 3105 Passim
2020 3079 2066 3106 eo
2101 3076 2213 3105 sensu
2244 3064 2473 3102 Herodianus

283 3123 376 3157 loci:
403 3132 522 3169 neque
552 3122 698 3158 dubium
724 3128 799 3166 est,
841 3123 967 3160 verbis
990 3123 1024 3159 ὲν
1045 3123 1211 3173 γράμμασι
1234 3134 1336 3170 prae·
1418 3123 1603 3177 instoriam
1635 3126 1791 3173 scriptor
1815 3136 1905 3160 usus
1930 3131 1996 3160 est.

283 3179 477 3222 sationem,
515 3190 585 3226 qua
610 3191 701 3226 opus
726 3191 832 3216 suum
864 3186 992 3217 auctor
1024 3181 1205 3228 Septimio
1238 3180 1335 3216 dedi-
