2799 3569
1207 123 1573 171 ..14-

287 270 479 313 ner-imus
513 283 600 313 non
634 267 896 312 athletarum
931 274 1070 322 toros,
1113 265 1195 309 sed
1225 263 1410 309 militum
1447 264 1656 319 lacertos,
1700 279 1781 311 nec
1814 267 2117 314 versicolorem
2148 267 2214 327 ¹⁰)
2252 267 2375 313 illam
2401 301 2409 311 .
2433 300 2444 312 .
2466 301 2477 313 .

288 355 448 394 vestem
483 350 588 394 bene
625 349 688 394 ad
720 348 943 407 forensem
973 346 1196 404 pulverem
1227 343 1391 403 facere.

1298 522 1477 583 §.35

393 656 1214 711 Estetaliuseoehistoriisusus,
1258 655 1873 713 etismndemmaoeinum
1918 657 2375 717 sednonadprae-

393 742 558 781 sentem
582 737 807 794 pertinens
831 736 986 792 locum,
1023 749 1086 779 ex
1111 735 1351 792 cognatione
1374 749 1522 781 rerum
1549 737 1950 796 exemplorumque,
1987 738 2138 796 quibus
2165 739 2379 795 imprimis

396 818 635 860 instructus
670 831 767 861 esse
803 817 929 862 debet
961 821 1133 869 orator,
1175 829 1230 860 ne
1263 816 1407 859 omnio
1443 816 1686 860 testimonia
1720 823 1926 873 eoepectet
1960 832 1988 862 a
2024 818 2265 874 litiyatore;
2299 818 2383 862 sed

394 896 605 954 pleraque
639 911 703 942 eoe
735 902 946 941 oomstate
982 894 1213 952 diliqenter
1245 894 1327 938 eibi
1361 896 1533 951 coquito
1565 902 1713 940 sumat
1746 900 1840 944 etc.

294 1017 500 1067 Gothani
542 1017 791 1067 lectionem
837 1021 1083 1073 historicis,
1137 1015 1355 1066 Gesnero
1389 1022 1702 1078 memoratam,
1739 1032 1799 1066 ne
1835 1018 2052 1068 secordia
2086 1018 2308 1070 editorum
2344 1017 2482 1084 plane

296 1097 610 1159 oblitteretur,
662 1098 885 1148 adnotare
923 1098 999 1146 hic
1034 1099 1188 1157 iuvat,
1224 1112 1252 1144 a
1285 1094 1561 1163 Spaldingio
1597 1100 1989 1163 praetermissam,
2026 1115 2200 1164 neque,
2246 1115 2276 1146 a
2310 1100 2482 1147 ceteris

297 1178 552 1228 editoribus
604 1178 923 1246 Spaldingium
987 1193 1124 1225 unum
1186 1174 1349 1224 ducem
1411 1176 1708 1242 sequentibus
1771 1193 1906 1243 quum
1972 1179 2190 1245 neglecta
2241 1186 2370 1229 esset
2389 1215 2401 1238 ,
2442 1193 2482 1226 ‘a

297 1258 519 1326 Zumptio
564 1259 832 1326 suppletam.
911 1258 1065 1307 Multo
1113 1273 1232 1307 vero
1274 1263 1476 1324 praestat
1523 1259 1597 1322 qui
1643 1260 1687 1305 in
1733 1261 1906 1308 ceteris
1950 1259 2077 1309 libris
2112 1259 2256 1308 fertur
2291 1258 2481 1325 pluralis

297 1342 516 1398 historiis,
569 1355 630 1389 eo
666 1338 849 1405 quidem
883 1338 1170 1404 significatu,
1223 1354 1312 1403 quo
1364 1354 1394 1386 a
1437 1337 1679 1403 singulari,
1732 1339 1876 1405 ipsam
1921 1338 2229 1407 disciplinam,
2283 1355 2401 1405 quae
2439 1340 2481 1385 in

298 1421 566 1484 cognitione
600 1436 750 1470 rerum
804 1422 1039 1479 consistit,
1093 1424 1282 1468 notante
1337 1417 1501 1468 differt.
1580 1418 1753 1466 Plurali
1793 1421 1911 1468 enim
1960 1423 2167 1468 historiae
2218 1419 2483 1487 plerumque

297 1500 614 1564 significantur
647 1516 727 1550 res
761 1502 894 1568 ipsae
930 1502 975 1547 in
1010 1500 1202 1549 historia
1238 1497 1456 1557 traditae,
1504 1506 1773 1564 argumenta
1808 1505 1857 1549 et
1891 1505 2135 1561 contenta,
2188 1500 2320 1550 velut
2353 1500 2400 1559 1,
2435 1498 2483 1557 6,

298 1579 380 1627 31.
417 1579 477 1640 8,
517 1579 595 1628 18.
632 1581 731 1641 VI,
773 1580 833 1640 3,
878 1579 959 1627 44.
1004 1578 1106 1630 Cic.
1143 1596 1210 1629 or.
1245 1595 1329 1646 pro
1367 1579 1550 1629 Scauro
1587 1593 1628 1627 c.
1668 1579 1744 1627 19.
1780 1596 1824 1645 p.
1864 1578 1928 1628 13
1966 1578 2040 1629 ed.
2075 1579 2204 1628 Frcf.
2239 1578 2300 1628 de
2335 1579 2410 1626 fin.
2445 1579 2482 1636 1,

297 1658 355 1718 7,
392 1658 484 1719 25,
520 1661 594 1709 ubi
634 1677 680 1710 v.
717 1659 929 1725 Madvig.
963 1677 1006 1727 p.
1043 1659 1123 1710 55.
1157 1659 1376 1727 Hygilius
1410 1660 1601 1707 Astron.
1641 1659 1728 1709 15:
1776 1664 1980 1721 quoniam
2015 1663 2193 1708 credere
2226 1662 2484 1707 instituamus

297 1743 517 1797 lesem-iis,
552 1742 580 1787 i.
617 1755 659 1789 e.
695 1739 874 1789 fabulis
929 1738 1005 1788 cf.
1042 1738 1188 1789 eiusd.
1214 1739 1428 1789 Prooem.
1462 1740 1555 1787 init.
1592 1744 1640 1788 et
1676 1739 1852 1806 Hygini
1873 1739 2167 1804 Genealogia
2201 1742 2246 1787 in
2275 1737 2484 1788 Dosithei

296 1819 512 1883 Magistri
548 1818 1064 1887 Interpretamentorum
1099 1819 1218 1869 libro
1254 1821 1390 1869 tertio
1432 1817 1505 1868 ed.
1540 1817 1774 1883 Bocking,
1811 1837 1855 1886 p.
1873 1819 1963 1868 65:
1996 1819 2172 1884 Ὗγίνου
2206 1821 2484 1883 γενεαλογίαν

298 1909 423 1947 πᾶσιν
460 1901 656 1967 γνωστὴν
694 1901 969 1967 μετέγραψα,
1014 1901 1062 1949 ἐν
1097 1897 1130 1966 ᾗ
1176 1900 1344 1949 ἔσονται
1377 1901 1577 1953 πλείονες
1622 1900 1797 1966 ἱστορίαι
1844 1900 2203 1966 διερμηνεῦμεναι
2250 1899 2297 1948 ἐν
2342 1900 2483 1963 τούτῳ

299 1987 368 2044 τῷ
403 1980 569 2045 βιβλίῳ.
639 1978 817 2030 Euseb.
869 1982 915 2029 in
951 1980 1066 2029 Maii
1101 1977 1226 2030 coll.
1278 1994 1386 2032 nov.
1422 1978 1529 2027 Vat.
1570 1979 1677 2029 Vol.
1713 1979 1750 2028 1.
1785 1998 1829 2046 p.
1866 1979 1948 2028 47.
2017 1978 2160 2027 Adde
2195 1994 2312 2028 vero
2347 1983 2485 2025 histo-

298 2063 466 2106 riarum
517 2061 701 2109 nomine
746 2061 882 2108 etiam
929 2058 1020 2108 dici
1074 2075 1220 2125 opera
1263 2057 1502 2116 historica,
1554 2059 1842 2109 historiarum
1878 2059 2046 2117 libros,
2101 2075 2191 2122 quo
2228 2058 2485 2122 significatu

298 2137 481 2186 Noster
516 2136 593 2198 X,
629 2138 688 2199 2,
723 2136 770 2185 7.
807 2137 910 2187 Cic.
951 2137 1079 2187 Orat.
1114 2137 1161 2186 9.
1210 2136 1400 2187 Seneca
1434 2138 1583 2204 Epist.
1618 2138 1685 2187 33
1723 2146 2011 2205 usurparunt.

439 2215 543 2266 Sed
584 2216 832 2268 levidense
872 2218 965 2268 hoc
1010 2216 1134 2282 quod
1175 2216 1237 2268 de
1281 2218 1483 2268 lectione
1522 2221 1742 2266 historicis
1788 2235 1970 2268 moneo.
2047 2217 2213 2265 Paullo
2257 2219 2484 2281 gravioris

301 2298 514 2346 momenti
548 2295 781 2347 videbitur
814 2296 905 2346 alia
940 2296 1233 2359 observatio,
1268 2299 1436 2363 quippe
1471 2314 1590 2362 quae
1624 2299 1684 2348 ad
1720 2301 1995 2348 sententiam
2029 2299 2170 2345 totius
2205 2296 2297 2344 loci
2333 2311 2484 2360 gene-

302 2375 463 2423 ralem·
480 2383 609 2425 recte
630 2376 998 2443 perspiciendam
1018 2379 1261 2444 pertineat.
1308 2375 1494 2427 Summa
1523 2380 1642 2427 enim
1663 2382 1936 2437 sententiae,
1971 2379 2011 2425 si
2033 2376 2093 2424 ad
2130 2375 2375 2425 verborum
2397 2378 2487 2424 vim

301 2461 521 2505 accurate
557 2456 857 2522 expenditur,
892 2456 955 2506 ad
994 2456 1039 2506 id
1075 2457 1224 2507 solum
1258 2456 1502 2523 redigitur,
1538 2461 1849 2523 cognitionem
1884 2475 2031 2508 rerum
2068 2455 2487 2522 exemplorumque,

302 2535 464 2599 quibus
499 2537 751 2584 instructus
788 2551 898 2586 esse
934 2536 1104 2587 debeat
1124 2545 1294 2598 orator,
1331 2540 1498 2605 quippe
1523 2536 1770 2605 petendam
1795 2555 1859 2587 ex
1893 2538 2113 2596 historiiS,
2149 2551 2209 2583 eo
2230 2535 2322 2583 fine
2357 2549 2487 2583 com-

303 2613 550 2680 parandam
585 2630 722 2675 esse,
766 2623 814 2664 ut
849 2633 909 2666 ne
947 2620 1097 2666 omnia
1132 2619 1389 2666 testimonia
1425 2619 1513 2683 ipsi
1547 2634 1576 2666 a
1609 2618 1843 2682 litigatore
1880 2613 2176 2684 expectanda
2210 2616 2311 2661 sint.
2365 2613 2488 2661 Num

303 2707 424 2742 vero
459 2693 709 2754 credibile,
743 2702 929 2761 praeter
964 2696 1086 2744 illum
1116 2712 1208 2746 nou
1242 2696 1377 2745 alium
1393 2712 1577 2762 quoque
1599 2713 1731 2746 usum
1752 2696 2041 2747 historiarum
2063 2693 2256 2743 Fabium
2291 2695 2487 2742 circum-

304 2774 548 2840 spexisse,
584 2777 757 2822 oratori
779 2775 860 2824 illo
881 2776 1022 2826 multo
1046 2776 1304 2827 utiliorem?
1356 2776 1545 2826 Minime
1580 2779 1700 2826 enim
1736 2779 1851 2826 satis
1874 2783 1962 2836 est,
1998 2780 2049 2823 ut
2069 2789 2225 2823 coram
2258 2772 2490 2838 litigatore

304 2854 347 2900 in
385 2868 557 2901 caussa
589 2852 790 2902 dicenda
825 2862 983 2904 orator
1018 2858 1278 2906 testimonia
1311 2871 1460 2906 rerum
1497 2856 1905 2924 exemplorumque
1940 2859 2042 2923 ipse
2078 2861 2266 2920 praesto
2300 2851 2490 2910 habe³¹3

358 3022 414 3065 ιο)
440 3021 572 3057 Eadem
597 3034 691 3058 voce
716 3024 760 3059 de
785 3031 889 3060 veste
915 3026 1119 3070 variegata,
1154 3032 1192 3061 et
1224 3028 1272 3061 ita
1297 3033 1336 3061 ιιι
1360 3026 1407 3060 nd
1431 3036 1463 3060 ιιι
1454 3027 1586 3061 milem
1612 3027 1692 3062 eloe
1695 3029 1770 3061 uiot
1772 3028 1829 3062 uis
1854 3027 1909 3061 sor
1947 3037 2004 3060 am
2029 3022 2184 3059 transfer
2187 3028 2264 3057 aurt
2325 3034 2411 3057 usus
2438 3028 2493 3057 cst

305 3078 436 3114 Fronto
463 3090 495 3125 p.
522 3081 564 3113 10
586 3079 644 3116 ed.
666 3077 768 3117 Rom.
