2799 3569
1209 176 1265 223 5.
1365 147 1576 195 15—

299 298 432 345 immo
467 303 669 341 necesse
712 292 788 338 est
832 301 892 337 ea
933 289 1117 337 omnnio
1165 263 1435 352 cognitione
1487 298 1638 334 rerum
1681 288 1839 333 orator
1873 285 2122 335 instructus
2158 288 2244 346 sit,
2297 302 2387 352 qua
2419 288 2479 336 ad

298 368 622 442 pernoscenda
655 368 750 417 litis
782 371 1051 432 argumenta
1084 379 1408 431 caussamque,
1457 369 1726 428 anteaquam
1761 377 1864 412 cum
1907 363 2179 416 adversario
2214 366 2478 428 contendat,

300 450 586 501 sufficienter
618 446 982 516 persor-mandam
1017 462 1135 514 opus
1172 451 1269 507 est,
1320 458 1500 510 quaque
1545 458 1637 492 non
1671 442 1821 492 solum
1855 445 1990 492 unius
2024 447 2248 511 cuiusque
2282 462 2481 496 caussae

299 529 512 596 singulae
545 533 756 603 prompta
788 532 988 594 aptaque
1023 528 1206 575 tratatio
1240 528 1551 592 comparatur,
1586 522 1672 573 sed
1707 525 1828 572 iusta
1855 527 2077 586 oratoris,
2114 528 2246 576 cuius
2281 526 2480 577 officium

299 614 343 660 in
380 627 530 661 rerum
565 625 657 659 non
690 609 916 667 fictarum,
969 606 1057 658 sed
1102 622 1220 657 vere
1265 606 1491 655 dictorum
1531 602 1848 669 factorumque
1892 607 2211 655 aestimatione
2254 608 2481 669 consistit,

300 691 521 740 institutio
557 690 739 739 omnino
774 686 1029 736 conficitur.
1097 686 1354 737 Praeterea
1387 687 1428 735 si
1461 682 1651 735 historia
1684 682 1935 736 adiuvante
1951 685 2098 735 solum
2132 685 2180 736 id
2218 693 2481 750 caveretur,

301 776 349 820 ut
384 772 429 819 in
474 766 839 820 demonstranda
888 768 1247 816 testimoniorum
1298 768 1349 816 vi
1400 766 1572 816 oratori
1620 764 1854 830 litigatore
1889 781 1981 815 non
2017 782 2134 833 opus
2170 772 2326 828 esset,
2379 783 2481 818 eum

301 849 589 899 historiarum
623 864 754 896 usum
799 852 850 895 ut
884 849 1122 896 maximum
1157 847 1362 908 diceret,
1414 848 1497 896 vix
1530 844 1704 894 Fabius
1747 843 1916 893 adduci
1961 847 2202 911 potuisset.
2274 846 2407 908 Quae
2442 852 2482 897 si

302 936 432 980 recte
468 945 498 978 a
531 927 665 978 nobis
699 926 930 993 disputata
951 932 1070 986 sunt,
1104 927 1339 992 vulgatam
1355 929 1396 975 si
1420 925 1600 991 quidem
1625 941 1883 990 sequamur,
1917 923 2221 983 Quintilianus
2254 929 2484 995 putandus

304 1014 380 1058 est
412 1010 625 1058 omisisse
658 1006 705 1054 id
742 1006 867 1070 quod
909 1007 1110 1071 inprimis
1154 1008 1584 1069 commemoratione
1619 1005 1804 1070 dignum
1839 1004 2030 1053 fuisset:
2082 1006 2205 1070 quod
2256 1014 2307 1055 ut
2340 1025 2370 1056 a
2404 1008 2483 1056 tali

304 1090 547 1154 magistro,
598 1085 778 1152 qualem
812 1084 1004 1134 Fabium
1039 1087 1272 1147 novimus,
1319 1087 1609 1136 commissum
1652 1087 1711 1135 sit
1728 1120 1742 1145 ,
1792 1089 1844 1134 ut
1886 1083 2075 1134 credam
2109 1101 2345 1151 numquam
2380 1087 2485 1137 mihi

304 1167 609 1235 persuadebo.
708 1165 942 1226 Quocirca
976 1167 1078 1214 eius
1112 1167 1316 1215 incuriae
1358 1181 1526 1215 caussa
1570 1182 1662 1214 non
1706 1167 1751 1213 in
1797 1164 1935 1230 culpa
1969 1166 2211 1231 scriptoris
2246 1171 2413 1228 nostri,
2438 1164 2487 1217 xa

306 1266 397 1313 quo
432 1248 512 1297 illa
545 1265 677 1313 quam
713 1248 907 1296 maxime
941 1245 1094 1296 aliena
1127 1244 1331 1305 videtur,
1366 1245 1454 1296 sed
1486 1243 1710 1296 editorum
1744 1242 1960 1311 ponenda
1993 1243 2205 1306 videtur,
2241 1248 2315 1311 qui
2351 1264 2486 1313 quum

305 1346 385 1376 nec
403 1366 416 1385 ,
453 1326 576 1392 quod
613 1343 698 1393 pro
732 1344 788 1375 ne
825 1329 869 1374 in
908 1325 1046 1375 codd.
1080 1341 1232 1393 paene
1267 1326 1473 1375 omnibus
1503 1331 1643 1391 atque
1675 1326 1722 1373 in
1756 1326 1867 1391 ipsis
1884 1325 2030 1386 Flor„
2065 1325 2225 1375 Turic.
2261 1334 2310 1377 et
2331 1328 2487 1378 Bamb-

306 1414 476 1468 exstat,
510 1406 751 1456 fastidiose
788 1408 1065 1474 spreverint,
1100 1405 1254 1456 locum
1288 1408 1553 1473 corrupisse
1574 1404 1863 1456 existimandi
1896 1410 2014 1454 sunt.
2056 1405 2144 1455 Illa
2181 1410 2299 1457 enim
2336 1425 2484 1475 nega-

307 1490 444 1538 tionis
479 1487 623 1537 forma
657 1493 883 1536 revocata
917 1485 1147 1535 lucramur
1180 1485 1227 1535 id
1261 1485 1385 1552 quod
1420 1485 1748 1537 desidera-us.
1799 1485 1989 1552 Duplex
2022 1488 2109 1534 iam
2144 1489 2488 1539 commendatur

307 1557 595 1617 historiarum
645 1584 782 1628 usust,
835 1567 954 1615 alter
1004 1566 1185 1631 quidem
1227 1566 1463 1632 generalis
1504 1572 1553 1616 et
1601 1569 1846 1627 maximus,
1902 1582 1965 1615 ex
2019 1569 2285 1632 cognitione
2337 1587 2487 1619 rerum

309 1647 738 1714 exemplorumque,
773 1646 834 1695 ad
868 1651 1161 1713 praesentem
1194 1662 1313 1696 vero
1348 1646 1498 1696 locum
1531 1645 1640 1696 ideo
1669 1663 1761 1696 nou
1796 1647 2047 1713 pertinens,
2083 1647 2206 1711 quod
2242 1664 2300 1697 ea
2337 1649 2399 1699 de
2434 1666 2486 1699 re

309 1728 585 1794 explicatius
623 1715 793 1776 dictum
825 1732 925 1777 erat
954 1726 1017 1787 V,
1054 1726 1134 1787 11,
1169 1725 1287 1775 alter
1305 1742 1424 1776 vero
1447 1725 1678 1793 specialiS,
1714 1743 1805 1791 quo
1840 1728 2012 1776 oratori
2046 1727 2357 1793 provideatur,
2395 1747 2485 1795 quo

309 1810 454 1855 minus
489 1824 624 1872 quum
658 1809 804 1856 minus
838 1812 1139 1874 praeparatus
1173 1805 1234 1855 ad
1268 1821 1480 1856 caussam
1510 1809 1790 1867 accesserit,
1842 1808 2103 1855 testimonia
2145 1811 2294 1857 omnia
2328 1827 2357 1857 a
2390 1810 2486 1858 liti-

309 1892 475 1952 gatore
511 1893 793 1953 exspectare
828 1893 1038 1951 cogatur.
1106 1886 1161 1934 In
1195 1886 1284 1935 hac
1322 1887 1416 1936 loci
1453 1886 1716 1936 conditione
1750 1886 2037 1950 distinguere
2070 1888 2215 1936 verba
2250 1892 2313 1936 ita
2347 1905 2488 1955 prae-

273 1995 277 1997 *
311 1967 468 2015 stabit:
504 1971 658 2029 quibus
689 1971 905 2028 irnprimis
937 1971 1176 2015 instructus
1204 1983 1300 2016 esse
1334 1970 1459 2016 debet
1491 1976 1666 2016 orator:
1697 1983 1779 2014 nec
1813 1970 1957 2014 οηηιίιι
1986 1971 2227 2016 testimonia
2263 1979 2489 2030 exspectet

312 2063 339 2093 a
376 2048 615 2107 litiyatore,
649 2050 735 2096 sed
762 2050 973 2109 pleraque
1008 2051 1099 2096 etc.

1308 2213 1354 2266 s.
1406 2204 1484 2256 36.

415 2335 457 2379 A
487 2335 841 2393 philosophorum
874 2351 973 2381 vero
1015 2336 1197 2380 lectione
1231 2341 1281 2379 ut
1313 2342 1458 2380 essent
1493 2335 1632 2380 mlta
1663 2335 1787 2379 nobie
1815 2335 2028 2391 petenda,
2070 2336 2171 2380 vitio
2213 2336 2385 2393 factum

414 2421 481 2460 est
513 2415 602 2460 alio
636 2422 883 2471 oratorum,
919 2419 993 2474 qui
1025 2417 1198 2474 quidem
1230 2416 1321 2460 iuis
1355 2418 1513 2474 optima
1547 2417 1618 2459 sui
1651 2415 1795 2471 operis
1825 2421 1954 2471 parte
1979 2422 2215 2459 cesserunt.

312 2537 448 2586 Haec
476 2537 569 2586 loci
602 2539 856 2604 scriptura,
903 2555 932 2586 a
966 2537 1243 2606 Spaldingio
1279 2539 1498 2597 conflata,
1539 2551 1692 2602 neque
1727 2536 1939 2587 codicum
1971 2540 2243 2587 auctoritate
2279 2541 2490 2598 munitur,

312 2615 436 2680 quod
455 2619 604 2664 statim
632 2617 1004 2677 monstrabimus,
1040 2632 1192 2682 neque
1220 2634 1250 2665 a
1278 2619 1532 2667 sententiae
1560 2619 1738 2665 ratione
1756 2619 1869 2664 satis
1888 2616 2238 2664 commendatur.
2289 2617 2490 2666 Primum

313 2697 432 2744 enim
466 2712 558 2745 non
585 2697 883 2763 perspicitur,
919 2695 1028 2760 quid
1045 2701 1094 2745 et
1121 2696 1257 2761 quale
1275 2696 1398 2746 aliud
1428 2695 1537 2745 illud
1571 2698 1645 2756 sit,
1680 2696 1803 2760 quod
1832 2702 2221 2757 commemoratur,
2257 2702 2490 2746 oratorum

311 2777 491 2835 vitium3
526 2775 698 2826 deinde
733 2791 824 2824 non
860 2781 968 2842 apta
1003 2778 1071 2824 rei
1106 2779 1359 2839 sententia,
1400 2779 1445 2825 in
1480 2778 1644 2842 optima
1678 2777 1835 2841 operis
1867 2780 1999 2840 parte
2033 2774 2194 2824 referri
2232 2791 2290 2826 ea
2308 2812 2321 2836 ,
2370 2793 2491 2842 quae

311 2870 339 2902 a
372 2853 660 2922 philosophis
695 2861 907 2906 oratores
959 2858 1146 2905 mutuati
1196 2858 1300 2906 sint.
1367 2857 1438 2907 At
1483 2854 1595 2904 illud
1644 2856 1789 2920 ipsum
1835 2856 1923 2901 alio
1959 2852 2236 2921 Spaldingio
2283 2855 2491 2906 debetur.

313 2931 467 2983 Codd.
486 2935 709 2995 nonnulli,
745 2937 790 2984 in
809 2936 971 3001 quibus
999 2941 1072 2986 est
1095 2935 1263 2997 Bamb„
1297 2951 1465 2988 vocem
1481 2937 1706 2985 omittunt:
1742 2949 1859 2998 quos
1877 2936 2027 2985 secuti
2050 2940 2156 2984 sunt
2173 2934 2492 2988 Frotscherus

272 3078 281 3083 ἱ
314 3019 364 3061 et
396 3010 726 3063 Geruliardius.
795 3016 950 3064 Maior
985 3031 1102 3065 vero
1138 3015 1350 3065 codicum
1382 3032 1489 3083 pars
1510 3017 1624 3072 alia,
1659 3013 1783 3063 unde
1816 3016 1861 3062 in
1896 3013 2131 3080 plerisque
2167 3015 2381 3065 effectum
2419 3022 2492 3066 est

314 3092 483 3141 vitiose
516 3097 620 3143 vitia
653 3111 739 3162 pro
773 3098 905 3153 vitio;
951 3095 1074 3161 quod
1109 3101 1371 3163 corruptum
1409 3093 1590 3147 videtur
1631 3108 1695 3144 ex
1737 3096 1876 3152 alias,
1930 3093 2055 3159 quod
2098 3101 2258 3145 tenent
2293 3095 2489 3161 Guelph.
