2799 3569
1216 148 1283 157 ..-
1373 121 1437 168 18
1522 148 1592 157 —

308 257 618 320 Quintilianus
653 261 884 325 sequitur,
919 261 1085 325 quique
1120 259 1165 332 in
1189 257 1334 307 Bruto
1371 256 1530 307 scribit
1568 271 1609 305 c.
1628 254 1723 306 65.
1757 261 1804 306 in
1837 260 1920 305 ltoc
1955 274 2152 306 amnone
2187 267 2334 305 nostro
2367 264 2502 306 amaa

308 344 525 389 neminem
561 357 732 398 eormn,
772 344 846 402 qia
878 342 1076 396 merent,
1112 326 1366 386 nontiaare!
1369 336 1613 397 ‘Quibus
1633 336 1955 388 GeruhardIus
1982 342 2116 387 recte
2152 339 2384 404 opposuit,
2422 339 2503 386 vix

310 422 476 469 iustam
509 420 809 486 glossematis
843 433 1054 468 caussam
1088 417 1257 479 fuisse3
1303 417 1427 466 adde
1472 416 1598 482 quod
1631 420 1872 486 proposita
1905 419 2132 485 scriptura
2164 418 2268 483 ipsa
2305 422 2380 479 qui
2414 427 2505 466 aem

311 504 508 548 vivebant
557 516 586 547 a
638 499 851 557 codicum
901 497 1108 547 lectione
1159 500 1279 565 iusto
1330 498 1518 562 longius
1563 496 1757 547 recedit.
1826 499 2047 565 Zumptio
2083 497 2191 547 olim
2225 498 2273 544 in
2305 504 2505 547 mentem

315 584 511 629 venerat
545 581 665 638 quod
693 580 902 626 awidiam
935 581 1123 637 vitabat3
1160 577 1246 627 sed
1267 579 1370 643 ipse
1404 576 1545 636 addit,
1580 575 1704 626 hanc
1735 577 1822 625 sibi
1855 578 1951 627 loci
1985 571 2255 643 scripturam
2289 578 2377 624 iam
2411 592 2504 626 non

316 657 603 708 satisfacere.
654 657 732 706 Ea
758 662 912 706 tamen
937 656 1074 706 huius
1093 660 1390 708 coniecturae
1418 660 1494 708 vis
1522 663 1621 718 est,
1657 662 1705 706 ut
1732 672 1921 708 sensum
1949 656 2123 708 efficiat
2150 656 2274 707 haud
2290 659 2505 724 ineptum,

315 735 499 788 scilicet
532 743 583 787 ut
617 753 790 788 caussa
809 737 1097 798 declaretur,
1137 739 1197 788 ob
1232 754 1362 803 quam
1379 736 1555 788 Cicero
1575 738 1638 788 de
1671 738 1943 803 aequalibus
1961 740 2059 786 suis
2093 738 2322 788 silentium
2342 739 2505 803 egerit.

315 819 371 867 ln
407 818 500 868 hoc
534 817 647 867 loco
683 817 995 879 restituendo,
1047 821 1181 867 cuius
1232 817 1476 867 difficultas
1510 816 1593 867 vel
1627 820 2029 883 sagacissimorum
2065 820 2267 867 virorum
2299 819 2507 867 acumina

317 898 481 958 elusit,
517 914 654 962 quum
695 901 982 949 temerarium
1017 897 1118 948 fere
1154 914 1262 948 esse
1289 897 1504 948 videatur
1536 897 1730 958 facinus,
1765 899 1883 948 certi
1916 894 2088 961 aliquid
2123 902 2330 948 statuere
2363 897 2507 955 velle,

317 984 468 1025 tamen
503 994 709 1044 promam
743 977 868 1043 quod
918 978 1070 1025 multis
1122 978 1287 1026 abhinc
1331 980 1463 1025 annis
1507 980 1554 1025 in
1600 983 1799 1026 mentem
1845 979 1975 1025 venit
2009 974 2224 1040 quodque
2259 992 2378 1025 vero
2413 978 2508 1026 loci

317 1058 498 1116 sensui,
546 1072 683 1121 quem
734 1063 783 1105 et
822 1057 1067 1122 Zumptius
1113 1056 1350 1106 divinasse
1394 1055 1602 1117 videtur,
1647 1059 1904 1105 convenire
1956 1054 2079 1103 haud
2131 1056 2350 1120 negabis,
2394 1061 2513 1116 quod

315 1141 498 1197 maeque
535 1140 819 1184 contuebatur
826 1153 845 1193 ;
887 1138 962 1184 cui
998 1138 1296 1185 coniecturae
1331 1141 1381 1183 ut
1413 1136 1586 1200 aliquid
1620 1136 1833 1196 tribuam,
1885 1135 1998 1183 facit
2048 1135 2172 1200 quod
2224 1138 2269 1183 iu
2314 1134 2509 1183 eandem

316 1215 539 1264 incidisse
574 1216 718 1265 video
765 1230 1011 1264 censorem
1061 1215 1250 1264 doctum
1291 1218 1337 1263 in
1372 1215 1644 1280 Paedagog.
1688 1213 1914 1280 philolog.
1947 1213 2314 1265 Litteraturblatt
2361 1203 2508 1262 1827.

316 1296 413 1343 No.
431 1295 511 1342 27.
544 1312 589 1361 p.
608 1294 723 1342 237.
845 1295 1006 1358 Atque
1041 1294 1162 1343 haec
1189 1296 1331 1344 lectio
1382 1297 1592 1362 proxime
1643 1294 1829 1344 accedit
1881 1293 1942 1341 ad
1987 1294 2237 1344 lectionem
2282 1294 2507 1351 codicum,

316 1391 505 1439 quorum
559 1373 719 1422 Turic.
775 1377 963 1435 qiddqtoe
1015 1379 1282 1432 conamebit,
1349 1375 1559 1440 idemque
1612 1391 1668 1422 m.
1716 1389 1814 1423 sec.
1861 1376 1971 1435 quid
2023 1378 2203 1437 quisque
2253 1377 2479 1423 contuebat
2492 1389 2508 1430 ,·

316 1469 373 1502 ac
436 1458 616 1516 quisque
671 1460 864 1521 propter
925 1454 1217 1522 praecedens
1267 1460 1376 1517 quid
1413 1456 1708 1505 obscuratum
1766 1470 1899 1515 esse,
1979 1460 2173 1521 apparet
2256 1471 2319 1504 ex
2372 1453 2507 1503 codd.

313 1534 460 1582 Paris.
517 1536 691 1601 pariter
738 1538 848 1595 quid
889 1539 1069 1596 quisque
1093 1523 1100 1528 .
1123 1536 1366 1586 tuentibus.
1413 1536 1568 1584 Bamb.
1607 1540 1788 1598 quidque·
1839 1537 2096 1585 conadaebit.
2213 1534 2353 1593 Quod
2390 1551 2509 1584 vero

314 1613 609 1663 rescribimus
643 1617 783 1676 quod,
818 1614 866 1664 id
901 1616 1048 1681 ipsum
1084 1615 1347 1682 suppeditat
1380 1615 1509 1665 Flor.
1528 1652 1541 1676 ,
1579 1618 1643 1665 ita
1677 1624 1727 1668 ut
1760 1623 1949 1684 praeter
1983 1619 2195 1670 codicum
2229 1619 2367 1670 fidem
2401 1620 2509 1669 nihil

312 1700 513 1743 mutetur
547 1710 681 1760 quam
715 1693 841 1759 quod
875 1697 1242 1745 terminationem
1282 1713 1339 1743 ar
1372 1696 1520 1745 verbo
1564 1699 1861 1764 apponimus,
1910 1701 1957 1749 iu
1994 1716 2086 1766 quo
2132 1701 2208 1765 qui
2244 1701 2509 1760 meminerit,

313 1776 676 1824 terminationem
710 1776 888 1840 passivi
925 1784 996 1823 tar
1039 1778 1086 1824 in
1121 1776 1242 1825 Mss.
1285 1775 1424 1825 scribi
1466 1775 1625 1826 solere
1661 1780 1716 1835 ι’,
1768 1793 1928 1841 nemo,
1980 1786 2030 1828 ut
2065 1785 2200 1846 put0,
2253 1779 2508 1830 haesitabit.

312 1852 394 1902 Ad
447 1869 634 1903 sensum
679 1852 777 1903 loci
820 1860 871 1903 ut
922 1855 1072 1906 verbo
1125 1863 1433 1915 revertamur,
1487 1855 1613 1920 quod
1649 1855 1954 1916 Quintilianus
1989 1874 2227 1921 08113εὸ01,
2281 1859 2341 1910 ob
2377 1876 2510 1924 quam

314 1931 501 1981 Tullius
536 1932 760 1998 aequales
795 1949 910 1983 suos
946 1935 1131 1984 silentio
1153 1937 1455 2002 praeterierit,
1490 1935 1679 1997 addidit,
1716 1936 1775 1985 ab
1808 1937 1890 1987 illo
1917 1938 2100 2003 quidem
2123 1956 2214 1989 non
2250 1939 2509 2000 indicatam,

312 2011 454 2061 facile
489 2018 643 2061 autem
678 2011 986 2075 divinandam,
1020 2013 1068 2062 id
1103 2030 1164 2064 eo
1186 2016 1357 2064 maiore
1382 2016 1483 2064 iure
1518 2015 1677 2065 facere
1694 2019 1856 2083 potuit,
1893 2034 1985 2083 quo
2019 2022 2066 2067 in
2101 2019 2233 2067 simili
2262 2035 2315 2069 re
2334 2018 2509 2071 Cicero

314 2094 520 2158 apertius
556 2108 657 2142 eam
691 2094 796 2159 ipse
816 2092 1061 2159 professus
1080 2093 1180 2154 fuit,
1215 2093 1276 2144 de
1310 2109 1407 2162 rep.
1424 2094 1462 2156 1,
1505 2096 1558 2144 1:
1598 2098 1759 2145 Omitto
1793 2102 2128 2147 irmunoerabiks
2161 2103 2290 2158 viros,
2328 2117 2510 2162 qum-tam

313 2174 475 2231 satyuli
508 2174 645 2219 saluti
679 2173 782 2218 huic
817 2176 982 2220 civitati
1013 2176 1225 2235 fuerunt,
1278 2184 1320 2221 et
1361 2179 1435 2235 qui
1479 2185 1580 2223 eum
1618 2180 1781 2237 procul
1823 2181 1878 2225 ab
1913 2183 2072 2226 aetatis
2106 2182 2235 2227 liuius
2268 2184 2506 2236 memorien

316 2268 655 2299 commemorare
692 2268 768 2299 eos
803 2256 976 2310 desino,
1012 2270 1068 2301 ne
1103 2259 1201 2315 quis
1235 2271 1304 2311 se,
1350 2264 1426 2301 aut
1457 2272 1636 2304 stammam
1670 2259 1860 2318 aliquem
1890 2263 2250 2318 praetermissum
2285 2267 2507 2320 queratur,

316 2329 394 2390 ubi
428 2330 541 2380 vide
577 2336 735 2381 notata
770 2333 816 2380 in
851 2331 1056 2383 editione
1090 2331 1253 2382 horum
1284 2333 1499 2385 librorum
1533 2341 1691 2385 nostra
1724 2337 1995 2404 propediem
2030 2337 2279 2403 vulganda.
2349 2336 2508 2398 Quid?

316 2409 399 2460 Ne
434 2412 618 2460 reticuit
651 2414 754 2478 ipse
790 2413 837 2460 in
858 2411 1006 2462 Bruto
1042 2428 1133 2463 suo
1167 2415 1268 2464 eius
1287 2413 1453 2464 silentii
1473 2429 1700 2476 caussam,
1736 2432 1871 2481 qumn
1905 2418 2111 2468 Atticum
2145 2420 2210 2467 ita
2244 2417 2509 2483 loquentem

316 2489 429 2540 facit
464 2504 505 2539 c.
541 2489 625 2552 72,
660 2493 919 2550 Praeclare,
955 2496 1120 2554 inquit,
1159 2497 1237 2542 tibi
1271 2503 1456 2552 con-stae,
1490 2505 1539 2543 ut
1574 2498 1629 2543 de
1662 2500 1720 2544 iis
1754 2501 1829 2559 qui
1860 2515 1976 2546 nunc
2009 2501 2099 2546 sint
2137 2498 2226 2560 ¹¹),
2259 2501 2373 2547 nihil
2402 2499 2509 2546 velis

319 2575 413 2630 ipse
449 2574 621 2619 dicere:
668 2581 713 2619 et
756 2576 796 2619 si
829 2576 896 2620 sic
939 2589 1114 2634 affere-9,
1158 2584 1207 2622 ut
1242 2578 1294 2623 de
1327 2578 1384 2621 iis
1419 2580 1572 2637 eqisti,
1620 2581 1694 2638 qui
1727 2581 1817 2627 iam
1849 2583 2008 2627 mortui
2040 2588 2167 2637 sunt,
2213 2583 2427 2628 neminem
2461 2588 2511 2627 ut

317 2656 687 2710 praemaneres
736 2690 746 2700 .
794 2689 803 2698 .
847 2689 856 2699 .
931 2654 1079 2710 Quare
1124 2659 1215 2703 sive
1266 2659 1376 2704 hanc
1421 2661 1590 2704 turbam
1633 2659 1828 2720 effitqere
1871 2662 2069 2716 voluisti,
2117 2663 2207 2707 eive
2247 2663 2407 2707 veritus
2442 2677 2507 2718 es,

319 2746 376 2775 ne
411 2734 509 2790 quis
543 2747 593 2777 se
628 2742 706 2779 aut
735 2737 1044 2792 praeteritam,
1081 2743 1161 2784 atat
1194 2751 1279 2782 non
1305 2740 1415 2782 satis
1447 2739 1671 2784 laudatum
1705 2743 1827 2797 queri
1858 2748 2032 2799 posset,
2071 2741 2123 2785 de
2154 2743 2345 2787 Caesare
2366 2748 2508 2787 tamen

318 2813 502 2869 politi-sti
542 2813 690 2859 dicere
719 2817 810 2862 etc.

371 3067 429 3111 11)
454 3058 576 3108 Malim
600 3081 682 3110 cum
707 3071 828 3110 Lamb.
852 3077 949 3111 sunt.
