2799 3569
1214 176 1589 227 -19-

1312 322 1359 376 s.
1412 313 1492 364 39.

418 436 524 482 ficit
563 439 698 496 ἐρίων
734 436 918 482 brevitas
952 435 1035 480 illa
1064 436 1300 491 tutissima,
1344 447 1457 493 qaae
1491 435 1613 494 apud
1642 434 1817 480 Lioitem
1851 436 1898 479 in
1932 434 2118 492 epistola
2157 435 2219 480 ad
2243 432 2389 494 filiam

414 520 603 576 scripta,
640 518 843 575 legendos
876 515 1215 561 Demosthenem
1249 521 1378 573 atque
1415 515 1691 561 Ciceronern:
1733 521 1824 559 tum
1857 517 1946 568 ita,
1981 521 2032 559 at
2064 516 2243 573 quicque
2277 521 2391 560 esset

416 597 702 642 Demostheni
734 604 779 642 et
815 598 1015 642 ciceron&
1048 594 1308 641 sindllinms.

314 720 424 787 Ego
476 719 656 786 quidem
710 721 890 772 minime
941 718 1047 770 mihi
1098 716 1384 787 persuade0,
1442 725 1492 768 ut
1523 718 1669 770 verba
1702 737 1814 782 auae
1863 721 1986 781 apud
2017 719 2213 777 Liviam,
2267 723 2317 767 ut
2368 732 2488 769 nunc

314 800 495 865 quidem
528 801 804 867 vulgantur,
838 803 1022 867 integra
1057 799 1268 861 credam,
1304 798 1410 848 dum
1447 798 1551 849 olim
1585 805 1693 867 post
1727 818 1838 862 qaae
1870 801 1915 848 in
1935 797 2057 848 Edd.
2091 807 2160 846 est
2190 797 2489 859 inserebatur,

314 881 471 929 invitis
505 879 685 944 quidem
719 881 863 943 Mss.,
915 881 1002 931 sed
1058 883 1103 929 in
1149 880 1239 930 hac
1282 879 1467 930 relativi
1512 883 1881 940 constructione,
1935 884 2148 943 quantum
2181 877 2276 943 ego
2310 877 2491 943 quidem

316 961 557 1025 scriptoris
592 977 723 1010 usum
756 963 892 1021 novi,
936 963 1113 1011 minime
1158 959 1468 1011 omittendum.
1533 960 1702 1010 Donec
1745 961 1885 1024 igitur
1925 958 2140 1008 idoneum
2183 958 2347 1022 aliquis
2389 958 2494 1007 mihi

316 1038 446 1088 verbi
482 1040 527 1087 in
569 1037 662 1088 hac
706 1043 937 1088 structura
971 1041 1127 1089 omissi
1179 1038 1440 1105 exemplum
1492 1037 1765 1100 ostenderit,
1821 1039 1900 1088 vel
1952 1054 2057 1087 cum
2108 1036 2213 1086 solo
2247 1038 2494 1103 Herzogio

320 1116 530 1168 retinebo
564 1116 677 1167 illud
713 1127 805 1176 est,
858 1117 984 1183 quod
1027 1125 1077 1169 et
1119 1117 1260 1168 facile
1305 1117 1554 1168 oblitterari
1587 1121 1732 1184 potuit
1765 1125 1873 1186 post
1907 1136 2044 1179 quae,
2098 1123 2146 1166 et
2198 1117 2333 1166 hanc
2352 1120 2495 1184 ipsam

320 1196 484 1248 sedem
517 1210 603 1265 pro
638 1197 977 1248 consuetudine
1011 1197 1197 1248 dicendi
1230 1197 1379 1247 Fabio
1421 1197 1624 1246 familiari
1667 1198 1752 1247 sibi
1791 1197 2017 1258 vindicat,
2072 1196 2326 1246 secundum
2365 1215 2497 1262 quam

320 1277 562 1327 relativum
597 1279 817 1327 continuo
852 1281 984 1342 sequi
1027 1278 1152 1329 solet
1183 1277 1375 1328 verbum
1409 1278 1753 1339 substantivum,
1787 1278 1930 1327 veluti
1961 1276 2075 1337 XII,
2111 1276 2160 1336 2,
2196 1276 2287 1325 252
2333 1282 2380 1325 in
2414 1295 2498 1338 quo

320 1362 379 1404 sit
411 1360 597 1405 dicenda
630 1362 868 1415 sententia,
904 1363 954 1408 et
987 1364 1034 1417 s.
1055 1355 1123 1406 27
1158 1361 1285 1406 cuius
1318 1367 1386 1406 est
1416 1361 1530 1406 velat
1561 1361 1845 1415 candidotm,
1882 1363 1928 1406 et
1957 1363 2186 1407 sexcenta
2218 1356 2321 1405 alia.
2357 1354 2496 1407 conf.

321 1453 463 1504 supra
495 1453 524 1485 a
550 1436 685 1486 nobis
709 1439 890 1487 monita.
943 1435 1166 1489 Ceterum
1183 1453 1302 1502 quae
1337 1444 1586 1503 sequuntur
1622 1441 1823 1499 leyendos
1844 1440 2178 1486 Demosthenem
2212 1447 2342 1499 atoue
2365 1440 2496 1485 Uice-

320 1534 469 1566 ronem
520 1532 642 1567 cave
693 1533 779 1584 pro
829 1520 944 1585 ipsis
977 1517 1104 1568 Livii
1137 1516 1297 1568 verbis
1338 1520 1562 1585 accipias:
1616 1521 1877 1568 continetur
1925 1520 1981 1567 iis
2034 1534 2205 1567 summa
2238 1520 2497 1567 sententiae

321 1597 551 1648 Livianae
584 1614 615 1646 3
649 1596 928 1657 Quintiliano
962 1599 1009 1647 in
1043 1598 1191 1649 breve
1225 1604 1414 1660 coacta,
1449 1601 1512 1647 uti
1545 1599 1618 1660 Π,
1652 1599 1701 1660 5,
1735 1596 1825 1659 20,
1861 1597 1935 1647 ubi
1969 1596 2088 1646 idem
2122 1596 2248 1646 Livii
2282 1597 2496 1664 placitum

322 1680 455 1727 etiam
491 1677 682 1726 brevius
715 1680 918 1728 iteratur.
986 1679 1063 1728 De
1095 1677 1185 1728 hac
1219 1694 1338 1729 vero
1372 1679 1498 1729 Livii
1530 1678 1729 1746 epistola
1762 1677 1822 1726 ad
1857 1678 1995 1726 filium
2030 1679 2202 1743 scripta
2236 1693 2370 1741 quum
2404 1694 2497 1727 non

323 1756 506 1807 videam
541 1756 766 1807 editorum
801 1774 1091 1823 quemquam,
1144 1761 1219 1824 qui
1259 1758 1368 1825 quid
1410 1758 1696 1809 statuendum
1739 1761 1798 1806 sit
1842 1760 2136 1825 exposuerit,
2190 1756 2338 1805 dicam
2372 1756 2497 1822 quod

324 1837 424 1885 mihi
462 1836 667 1899 videtur,
702 1841 909 1903 quamvis
944 1838 990 1887 id
1021 1841 1066 1887 in
1094 1855 1220 1889 mera
1252 1841 1519 1889 coniectura
1550 1841 1761 1906 positum.
1830 1840 2024 1888 Praeter
2056 1836 2346 1886 historiarum
2380 1853 2499 1903 opus

323 1917 509 1967 Livium
543 1924 727 1967 constat
761 1935 825 1969 ex
842 1917 1081 1970 *Senecae
1110 1915 1265 1987 Epist.
1302 1919 1402 1968 100
1446 1922 1577 1969 etiam
1623 1920 1714 1968 alia
1759 1922 1994 1986 quaepiam
2039 1920 2211 1984 scripta
2244 1917 2499 1981 reliquisse.

327 1998 521 2058 Scripsit
554 2002 690 2055 enim,
734 2000 797 2046 ait
839 1997 1049 2061 Seneca,
1094 2009 1140 2047 et
1182 2002 1401 2060 dialoqos,
1448 2017 1551 2061 quos
1591 2016 1678 2047 non
1711 2003 1853 2059 mayis
1883 2000 2183 2059 philosophiae
2218 2013 2499 2044 ‹amnamerare

320 2081 487 2136 possis,
534 2094 664 2138 qaam
698 2080 927 2127 historiae:
980 2088 1024 2126 et
1057 2096 1119 2127 ecc
1149 2082 1353 2140 professo
1385 2082 1701 2139 philosophiam
1735 2083 2000 2126 continentes
2036 2080 2180 2125 libros.
2245 2073 2402 2137 Quid?
2459 2078 2499 2122 si

323 2159 409 2204 iam
443 2156 603 2205 horum
638 2159 909 2223 scriptorum
931 2159 1068 2207 alicui
1092 2159 1291 2225 epistola
1311 2158 1608 2219 dedicatoria,
1641 2164 1693 2206 ut
1725 2161 1864 2206 moris
1901 2164 2014 2217 erat,
2049 2156 2109 2204 ad
2141 2155 2280 2204 filium
2313 2157 2498 2221 scripta,

325 2236 577 2300 praemissa
603 2234 700 2295 fuit,
735 2238 780 2284 in
807 2254 897 2301 qua
930 2236 1053 2286 hunc
1071 2240 1216 2304 ipsum
1246 2237 1308 2287 de
1335 2237 1499 2287 studiis
1525 2237 1802 2298 rhetoricae,
1838 2254 1969 2301 quam
1994 2252 2128 2286 nemo
2152 2235 2253 2284 fere
2277 2241 2369 2283 tum
2399 2241 2500 2283 erat

326 2317 400 2379 qui
435 2331 527 2364 non
562 2321 804 2376 tractaret,
840 2324 974 2366 recte
1000 2317 1291 2367 instituendis
1326 2317 1571 2377 edoceret3
1607 2320 1697 2368 nisi
1730 2318 1852 2367 forte
1873 2318 2037 2366 Livius
2065 2318 2197 2365 etiam
2226 2316 2500 2382 scriptorum

328 2394 661 2445 rhetoricorum
685 2402 848 2446 auctor
875 2396 974 2459 fuit,
1009 2414 1199 2464 quorum
1225 2399 1362 2448 alicui
1388 2400 1493 2448 talis
1522 2399 1734 2466 epistola,
1769 2401 1813 2446 in
1845 2414 1933 2463 qua
1961 2396 2021 2446 de
2039 2402 2138 2446 arte
2156 2398 2245 2444 ista
2266 2401 2500 2460 ageretur,

328 2478 461 2523 etiam
497 2479 648 2542 aptius
681 2480 947 2544 praeposita
982 2477 1159 2528 fuisset.
1205 2479 1390 2527 Etenim
1425 2495 1489 2529 ex
1505 2478 1724 2528 Senecae
1757 2479 1867 2528 loco
1902 2478 1931 2525 1.
1953 2476 2168 2527 concludi
2200 2491 2295 2524 non
2328 2480 2502 2541 potest,

327 2562 512 2621 praeter
545 2555 699 2604 dictos
733 2556 841 2605 illos
876 2557 1018 2607 libros
1062 2574 1091 2605 a
1125 2558 1267 2608 Livio
1318 2560 1437 2609 alios
1490 2575 1578 2608 non
1622 2561 1914 2626 conscriptos
1958 2573 2080 2607 esse.
2149 2555 2405 2604 Praeterea
2439 2560 2504 2604 ex

328 2635 514 2695 eadem,
551 2642 599 2684 ut
636 2635 843 2697 videtur,
880 2638 1078 2704 epistola
1113 2646 1312 2704 sumpta,
1348 2656 1467 2703 quae
1499 2639 1671 2688 Fabius
1706 2642 1881 2688 excitat
1915 2639 1980 2697 11,
2026 2638 2084 2695 5,
2135 2635 2227 2683 20:
2280 2652 2381 2683 cam
2414 2639 2506 2683 iam

329 2719 451 2774 apud
492 2705 541 2763 T
581 2718 755 2764 Livium
788 2721 1022 2779 maedam,
1061 2722 1204 2779 ficis-se
1237 2730 1562 2780 praeceptorem
1597 2723 1810 2780 aliquem,
1855 2722 1929 2778 qai
1963 2719 2203 2775 discipulos
2257 2718 2505 2771 obscurare,

330 2812 441 2855 qaae
476 2798 682 2853 dicerent,
718 2800 926 2852 iuberent,
967 2799 1139 2844 Graeco
1173 2802 1297 2846 verbo
1327 2809 1468 2858 utens,
1503 2799 1704 2848 σκότισον.
1746 2798 1815 2846 At
1848 2798 1997 2846 omnia
2031 2798 2121 2843 ista
2155 2797 2199 2842 in
2237 2786 2508 2843 coniectura

332 2891 455 2922 mera
488 2877 641 2940 posita
675 2884 802 2923 sunt:
856 2878 1056 2924 certiora
1090 2877 1391 2940 videbuntur,
1444 2894 1559 2944 quae
1603 2879 1663 2927 de
1709 2878 1830 2925 illius
1874 2878 2012 2924 moris
2048 2882 2285 2934 veterum,
2338 2876 2508 2940 scripta

332 2957 570 3019 prooemio
596 2955 678 3004 vel
706 2955 1001 3005 dedicatione
1024 2957 1296 3018 exornandi,
1332 2959 1543 3025 exemplo
1569 2957 1661 3006 alio
1687 2960 1732 3004 in
1754 2962 2021 3004 transcursu
2056 2969 2333 3019 expromere
2369 2956 2507 3001 iuvat.

473 3034 677 3082 Vitarum
713 3052 741 3082 a
775 3034 1006 3085 Suetonio
1044 3039 1404 3104 conscriptarum
1437 3040 1618 3105 primam
1650 3038 1776 3084 initio
1812 3035 2010 3083 mutilam
2046 3049 2157 3082 esse
2193 3039 2399 3083 constat:
2434 3036 2506 3081 cui

334 3114 498 3163 damno
533 3115 814 3166 remedendo
849 3115 971 3164 haud
1007 3116 1200 3184 defuere
1245 3121 1320 3184 qui
1364 3134 1473 3169 sese
1507 3119 1809 3177 accinxerint,
1863 3117 2115 3165 enumerati
2170 3114 2428 3181 plenissime
2464 3114 2507 3158 iu

2101 3197 2127 3237 3
2144 3195 2166 3219 ¹&
