2799 3569
1193 143 1558 194 -21-

293 291 573 355 syllaborum
607 282 879 333 mentionem
915 280 1048 342 facit,
1100 284 1174 347 qui
1228 284 1401 350 scripta
1433 282 1688 348 Tranquilli
1731 286 2025 333 cormmnibw
2067 286 2227 334 amieis
2261 299 2468 351 spopon-

291 358 443 418 derint
467 367 545 429 ¹³).
591 364 843 414 Praeterea
858 360 1003 411 adeas
1023 361 1085 413 de
1107 361 1201 413 hoo
1218 361 1443 430 Septicio,
1467 362 1556 430 Ep.
1574 363 1628 424 r1,
1667 364 1744 413 15.
1780 363 1891 424 VII,
1930 362 2011 413 28.
2047 363 2181 425 VIII,
2220 364 2263 412 1.
2337 364 2470 413 Haec

291 465 425 513 quum
459 451 524 497 ita
557 447 659 504 sint,
693 441 818 490 haud
844 441 1112 505 dubitamus
1148 443 1363 511 Septicio
1395 445 1550 510 potius
1581 442 1660 507 illi,
1696 459 1830 510 quam
1853 443 2079 512 Septimio
2114 444 2307 504 cuidam,
2335 459 2468 510 quem

290 531 566 593 ignoramus,
603 521 839 573 caesares
874 539 904 570 a
921 521 1152 572 Suetonio
1177 523 1420 573 dedicatos
1440 529 1615 589 putare,
1651 540 1787 589 quum
1819 527 2091 589 praesertim
2121 526 2466 583 meminerimus,

291 612 513 657 nominum
556 604 733 654 illorum
777 605 1130 653 commutatione
1174 605 1219 652 in
1253 602 1372 652 Mss.
1419 601 1585 652 nullam
1628 603 1779 654 videri
1822 603 2075 656 faciliorem
2108 604 2208 656 fieri
2243 604 2465 671 potuisse.

1253 746 1299 798 s.
1349 738 1430 788 40.

617 865 722 913 Non
759 875 825 912 est
859 875 1001 914 tamen
1035 868 1351 914 dissimulanda
1385 872 1523 915 nostri
1556 883 1721 929 quoque
1754 871 1907 916 iudicii
1940 884 2122 916 sunvna.

287 996 339 1044 ln
376 996 604 1045 contrario
638 1006 800 1041 errore
826 990 1032 1041 editores
1068 990 1145 1040 hie
1182 994 1353 1042 versati
1383 1000 1512 1052 sunt,
1548 995 1622 1056 qui
1657 1003 1800 1042 tamen
1834 993 1959 1057 quod
1995 1009 2025 1041 a
2049 994 2166 1042 Mss.
2203 993 2465 1060 repudiatur

287 1078 554 1124 insererent.
623 1070 762 1129 Quod
797 1088 915 1119 unus
950 1070 1268 1120 Gernhardius
1302 1071 1554 1131 intellexit,
1601 1074 1676 1136 qui
1717 1072 1765 1122 id
1799 1072 2057 1123 desiderari
2092 1079 2223 1123 recte
2257 1076 2463 1138 negavit,

288 1161 379 1203 tum
413 1160 600 1221 propter
631 1168 717 1198 non
753 1165 857 1198 oum
890 1152 1123 1215 gravitate
1157 1153 1368 1217 positum,
1405 1156 1493 1200 tum
1528 1156 1718 1217 propter
1745 1168 1938 1213 quoque.-
1972 1151 2136 1216 quibus
2157 1158 2321 1201 auctor
2351 1155 2463 1201 satis

288 1234 538 1298 significat,
573 1248 699 1280 suam
734 1247 789 1280 se
825 1233 910 1278 iam
945 1233 1215 1279 sententiam
1251 1230 1377 1279 Livii
1411 1230 1579 1281 iudicio
1615 1246 1679 1281 ex
1712 1230 1917 1283 adverso
1951 1233 2206 1298 positurum
2241 1247 2365 1281 esse.

389 1351 564 1397 Paucos
598 1356 640 1396 et
672 1350 750 1395 vice
792 1348 930 1394 ullum
975 1362 1037 1393 ecc
1079 1347 1172 1404 his,
1226 1350 1300 1407 qui
1349 1354 1599 1394 vetustatem
1629 1350 1925 1407 pertulerunt,
1980 1350 2186 1394 emi-§timo
2225 1364 2358 1406 posse

387 1432 579 1487 reperiri.

286 1542 421 1588 Haud
459 1543 572 1589 mala
604 1541 877 1591 1⁴*r0tseheri
913 1549 961 1590 et
995 1543 1225 1605 Herzogii
1260 1541 1402 1590 lectio
1434 1557 1599 1600 paucos
1627 1545 1740 1588 enim
1774 1550 1817 1588 et
1848 1544 1926 1589 via:
1959 1543 2097 1590 ullum
2133 1548 2223 1592 etc.
2260 1542 2462 1590 nimirum

287 1623 482 1670 conflata
510 1639 571 1671 ex
590 1623 719 1670 varia
748 1621 956 1671 codicum
986 1624 1234 1689 scriptura,
1270 1636 1458 1685 quorum
1474 1619 1632 1669 Turio.
1651 1619 1780 1669 Flor.
1817 1625 1865 1669 et
1884 1619 2081 1687 Guelph.
2117 1626 2231 1669 enim
2258 1624 2461 1669 vixillum

285 1702 513 1750 exhibent.
584 1702 752 1750 Tutius
788 1709 937 1751 tamen
973 1702 1228 1761 videbitur,
1276 1703 1321 1748 in
1358 1699 1693 1767 Spaldingiano
1729 1706 1953 1750 contextu
1985 1718 2124 1768 supra
2156 1704 2336 1768 posito,
2386 1703 2460 1766 qui

284 1796 416 1842 quum
450 1781 636 1829 aliorum
671 1781 910 1841 librorum,
964 1789 1055 1829 tum
1101 1784 1236 1831 etiam
1269 1781 1416 1830 Paris.
1461 1782 1698 1845 utriusque
1744 1783 2017 1830 auctoritate
2051 1783 2230 1840 nititur,
2284 1783 2460 1831 interim

282 1862 605 1924 acquiescere,
643 1864 854 1925 quoniam
889 1862 948 1911 ob
984 1861 1270 1926 frequentem
1296 1859 1615 1928 particularum
1633 1869 1680 1907 et
1711 1865 1760 1909 et
1793 1864 1906 1909 em'm
1926 1859 2243 1909 confusionem
2277 1862 2323 1909 in
2341 1860 2459 1909 MsS.

281 1939 556 2004 probabilius
591 1939 819 2000 videatur,
854 1940 947 1991 hoo
983 1957 1067 2008 pro
1102 1941 1184 1991 illo
1219 1940 1339 1991 male
1374 1939 1541 1989 lectum
1575 1945 1751 2006 putare.
1819 1939 1975 1989 Bamb.
2016 1956 2183 2000 paucos
2229 1945 2342 1988 enim
2374 1956 2460 1987 vex

283 2019 398 2080 (hoc
432 2022 645 2086 scriptum
680 2037 765 2087 pro
800 2024 890 2081 vel,
926 2020 1050 2085 quod
1083 2021 1160 2070 alii
1186 2024 1372 2082 tenent)
1404 2024 1550 2080 potius
1574 2023 1786 2069 vexillum
1820 2029 1865 2068 et
1896 2022 1964 2067 his
1997 2028 2232 2077 vetustate,
2268 2035 2456 2084 quorum

281 2099 522 2147 verborum
557 2103 681 2165 prior
715 2119 823 2166 pars
856 2108 1018 2168 aperte
1054 2118 1116 2152 ex
1151 2099 1502 2168 interpolatione
1538 2106 1623 2150 est.

1276 2244 1321 2296 S.
1374 2238 1453 2285 41.

385 2364 550 2417 Quotus
594 2368 709 2411 enim
742 2368 922 2426 quisque
955 2368 1135 2413 inveniri
1170 2372 1260 2412 tam
1304 2366 1476 2411 demens
1504 2372 1673 2422 potest,
1726 2366 1801 2424 qui
1842 2378 1895 2410 ne
1946 2366 2125 2410 minima
2178 2364 2351 2422 quidem

379 2443 564 2489 alicuius
598 2453 716 2492 certe
745 2445 918 2506 fiducia
948 2448 1091 2504 parti-s
1124 2446 1378 2491 memoriam
1407 2446 1675 2502 posteritatis
1708 2445 1978 2502 speraverit?

278 2564 612 2631 Spalding-iana
644 2568 735 2617 hae
771 2572 938 2635 prioris
977 2569 1212 2619 commatis
1239 2568 1442 2618 lectione
1468 2565 1579 2615 nihil
1603 2568 1751 2634 potuit
1784 2567 2056 2632 excogitari,
2092 2564 2217 2630 quod
2254 2570 2302 2616 et
2337 2580 2454 2615 sen-

278 2648 447 2693 tentiae
482 2645 575 2694 loci
609 2652 755 2714 magis
791 2651 1047 2698 convenire
1101 2655 1149 2698 et
1194 2664 1258 2698 ex
1303 2651 1406 2716 ipsa
1457 2650 1630 2698 vitiosa
1671 2646 1883 2697 librorum
1918 2648 2141 2712 scriptura
2175 2645 2235 2694 ad
2271 2644 2456 2710 singula

326 2816 381 2860 13)
406 2813 536 2850 Obiter
553 2817 706 2861 adiicio‚
738 2830 759 2853 a
784 2818 963 2855 Frontone
987 2828 1131 2866 quoque
1154 2820 1251 2855 inter
1273 2818 1325 2855 fa·
1406 2824 1571 2854 accurate
1596 2817 1714 2853 adhuc
1749 2815 1955 2863 quaesierit.
2001 2814 2133 2853 Aetate
2165 2825 2273 2863 quarn
2297 2817 2454 2853 maxime

278 2872 436 2907 miliares
461 2883 548 2910 suos
571 2872 818 2922 Tranquillum
842 2877 1021 2924 quendam
1045 2876 1237 2912 memorari
1260 2875 1324 2923 Ep.
1405 2881 1600 2924 provectus
1622 2874 1718 2911 diem
1736 2883 1942 2921 supremum
1961 2871 2097 2909 obiisse
2118 2873 2326 2911 censendus
2345 2879 2455 2910 esset.

277 2928 322 2963 ad
345 2927 482 2963 Verum
517 2941 551 2977 p.
577 2932 641 2966 174
678 2932 735 2969 ed.
766 2931 891 2981 Rom.;
928 2933 1025 2982 quod
1060 2935 1093 2970 si
1129 2933 1325 2971 Suetonius
1404 2932 1495 2967 Nam
1520 2931 1590 2968 vit.
1615 2931 1749 2966 Neron.
1774 2933 1819 2964 57
1855 2930 2125 2966 adolescentem
2157 2940 2200 2965 se
2232 2930 2348 2966 fuisse
2372 2932 2454 2978 ipse

277 2990 396 3021 noster
420 2991 493 3029 est,
516 2992 556 3022 ut
578 2987 635 3023 fas
660 2995 715 3025 est
738 2991 902 3034 eredere,
926 2992 963 3026 id
987 2993 1235 3027 coniecturam
1257 3002 1325 3027 nos
1405 2990 1501 3033 dicit,
1531 3000 1640 3035 quum
1673 2989 1800 3034 viginti
1837 2987 1921 3022 anni
1956 2999 1978 3023 a
2008 2992 2123 3024 morte
2155 2985 2315 3024 Neronis
2339 2987 2454 3035 elapsi

277 3049 397 3082 tacere
417 3044 503 3079 sinit
526 3045 564 3080 in
587 3051 740 3083 aetatem
763 3059 978 3095 supremam,
1003 3060 1111 3098 quam
1134 3050 1209 3085 vita
1232 3047 1323 3085 Sue·
1404 3052 1544 3084 essent:
1580 3044 1676 3094 quod
1707 3043 1832 3081 incidit
1863 3045 1900 3081 in
1933 3054 2065 3083 annum
2097 3047 2289 3093 septimum
2312 3045 2451 3093 imperii

279 3101 362 3135 tonii
399 3101 571 3146 attigerit:
609 3113 679 3150 qua
715 3104 761 3140 de
794 3115 835 3140 re
869 3107 1047 3141 neminem
1084 3106 1229 3142 memini
1263 3107 1325 3152 qui
1406 3104 1608 3138 Domitiani-
