2799 3569
1318 209 1689 257 -8-

404 348 488 393 hoc
522 363 573 392 eo
603 350 818 405 pertinet,
853 355 905 393 at
935 350 982 393 in
1017 348 1086 391 hie
1119 348 1267 392 nullus
1285 350 1346 393 eit
1379 356 1558 394 ornatus
1569 382 1584 404 ,
1619 349 1702 393 sed
1730 349 1797 393 uli
1830 351 2027 405 pressior
2061 356 2106 396 e't
2135 355 2347 408 severior,
2378 366 2428 395 eo
2451 354 2593 396 mirum

404 429 657 487 consessus,
692 430 932 486 praecipue
966 428 1030 473 ad
1041 428 1273 472 materiam
1290 429 1665 485 accommodatus,
1700 425 1775 474 ubi
1803 441 1939 490 quum
1968 444 2054 494 pro
2091 430 2248 480 verbis
2283 433 2345 478 ad
2367 433 2594 477 materiam

401 508 447 553 in
484 505 647 554 Tui-ic.
693 512 743 555 et
776 505 1013 556 Almelov.
1053 509 1239 552 materia
1275 505 1486 556 exhiberi
1521 510 1607 556 iam
1641 505 1908 556 adnotatum
1943 516 2095 570 esset,
2134 510 2259 575 quod
2292 510 2591 559 Burmannum

404 585 664 645 induxerat,
701 591 751 634 ιιι
778 588 988 633 materiae
1016 583 1332 650 reponendum
1365 586 1605 646 suaderet,
1643 587 1735 636 hoc
1768 588 1916 653 ipsum
1945 604 2068 637 nuuc
2101 591 2148 638 in
2167 589 2325 639 Ambr.
2361 594 2591 655 repertum

405 674 493 725 est,
528 668 631 715 sine
667 665 951 714 dubitatione
986 666 1032 712 in
1068 670 1337 713 contextum
1373 665 1699 732 recipiendum.
1768 667 1837 714 At
1863 681 2017 730 neque
2053 670 2116 716 ita
2149 668 2286 719 locus
2319 674 2590 735 persaiiatus

404 745 603 794 videtur.
681 745 815 804 Quae
851 747 971 794 enim
1007 752 1081 794 est
1125 744 1352 810 perplexa
1389 747 1479 794 ista
1512 745 1720 796 struendi
1755 748 1872 796 ratio
1913 751 1980 793 uti
2018 753 2214 806 pressior
2253 778 2311 786 —
2350 766 2400 796 eo
2432 751 2588 803 nemis,

403 842 538 889 quum
588 827 634 872 in
668 831 882 891 promptu
932 824 1083 874 fuerat
1135 824 1343 873 scribere
1386 842 1470 886 quo
1519 830 1747 886 pressior?
1826 824 1884 875 Si
1918 826 2253 889 concedamus,
2305 825 2427 893 quod
2460 827 2588 874 inviti

405 906 730 965 concedimus,
784 908 829 953 in
883 907 1297 973 comparativorum
1349 909 1558 954 iunctura
1610 913 1742 956 recte
1784 906 1878 955 dici
1923 914 1975 953 ut
2011 935 2069 941 ——
2110 926 2186 966 eo,
2238 909 2312 957 his
2354 906 2588 976 particulis

404 986 616 1035 admissis
664 986 812 1036 verba
857 1005 908 1034 eo
941 991 1083 1034 minus
1135 989 1363 1047 confessas
1413 989 1458 1035 in
1508 985 1704 1053 apodosi
1741 994 1995 1053 ponuntur,
2049 990 2125 1036 cui
2178 991 2418 1055 sequeutia
2458 1004 2587 1052 quam

403 1071 559 1134 inepte
595 1067 925 1127 adnectantur,
976 1083 1112 1115 nemo
1150 1073 1224 1114 est
1266 1070 1344 1131 qui
1396 1084 1487 1116 non
1525 1067 1767 1131 intelligat.
1836 1068 1978 1116 Immo
2015 1073 2245 1117 sententia
2277 1069 2499 1136 postulat,
2539 1074 2588 1115 ut

402 1156 613 1195 extrema
658 1148 805 1196 verba
847 1152 1086 1208 praecipue
1137 1152 1349 1194 materiae
1394 1151 1747 1194 accommodatus
1798 1146 2026 1213 apodosin
2081 1151 2366 1210 contineant,
2420 1151 2464 1195 in
2500 1164 2588 1213 qua

402 1228 642 1278 formanda
677 1245 810 1294 quum
845 1230 1032 1296 proprie
1060 1232 1429 1276 accommodatior
1463 1227 1753 1277 scribendum
1789 1227 1970 1282 fuisset,
2006 1234 2169 1277 auctor
2203 1230 2590 1279 constructionem

401 1308 561 1356 addito
593 1313 831 1369 praecipue
850 1311 1034 1356 variare
1068 1309 1235 1355 maluit.
1286 1309 1423 1357 Haec
1459 1311 1498 1356 si
1522 1311 1585 1355 ita
1620 1315 1746 1369 sunt,
1780 1314 1909 1374 patet
1940 1324 2133 1373 prorsus
2167 1310 2260 1357 alio
2295 1308 2429 1356 modo
2453 1314 2590 1371 atque

348 1417 350 1419 -
402 1404 524 1436 nunc
566 1388 784 1452 vulgatur
825 1387 947 1436 huuc
991 1388 1146 1438 locum
1190 1396 1463 1454 conceptum
1517 1387 1687 1447 fuisse,
1749 1390 1881 1437 cuius
1932 1387 2108 1436 formae
2152 1386 2462 1438 restituendae
2503 1388 2590 1452 ipsi

400 1468 595 1517 codices
631 1468 819 1518 mirifice
856 1467 1029 1518 favent.
1100 1468 1165 1517 Et
1207 1470 1395 1534 primum
1441 1485 1525 1536 pro
1570 1486 1621 1517 eo
1658 1466 1970 1535 recipiendum
2024 1476 2089 1524 et,
2143 1468 2199 1516 ab
2236 1465 2470 1518 Obrechto
2503 1469 2589 1513 iam

401 1547 594 1608 editum,
641 1547 861 1598 Gesnero
899 1548 1212 1614 Zumptioque
1248 1548 1510 1615 probatum:
1564 1564 1685 1613 quae
1719 1548 1863 1597 lectio
1898 1553 2062 1615 aperte
2097 1548 2357 1597 oblitterata
2391 1549 2509 1595 inest
2543 1548 2588 1593 in

400 1633 590 1686 erninncs,
627 1628 752 1694 quod
786 1628 1050 1696 suppeditat
1085 1629 1265 1690 Anibi-,3
1318 1627 1487 1680 deinde
1522 1645 1585 1680 ex
1619 1627 1840 1679 Heidelb.
1886 1627 2220 1679 accersendum
2269 1631 2343 1675 ubi
2375 1642 2460 1693 pro
2499 1631 2588 1674 uti:

403 1709 525 1760 unde
561 1726 684 1759 nunc
722 1716 848 1759 totus
883 1711 1020 1759 locus
1056 1710 1145 1759 hac
1182 1713 1343 1777 specie
1388 1718 1437 1758 ut
1471 1717 1608 1778 puto,
1654 1709 1969 1758 emendatiore
2004 1708 2179 1776 prodit:¹
2224 1710 2381 1770 Neque
2414 1711 2494 1755 hoc
2536 1726 2587 1754 eo

396 1795 609 1849 pertinet,
645 1800 694 1838 at
728 1796 774 1838 in
808 1794 876 1838 liis
898 1794 1051 1840 ‚nauus
1071 1796 1130 1839 sit
1160 1800 1363 1848 ornatus,
1397 1796 1479 1839 sed
1491 1795 1564 1838 ubi
1590 1794 1786 1852 pressior
1813 1799 1860 1838 et
1883 1794 2072 1836 severior
2096 1799 2140 1836 et
2172 1793 2315 1836 minus
2349 1791 2586 1849 confessus,

397 1874 637 1930 praecipue
662 1875 873 1918 materiae
900 1875 1268 1920 accommodatus.
1307 1871 1529 1922 Similiter
1555 1872 1752 1921 affectus
1781 1870 1917 1919 locus
1946 1871 2177 1918 sententia
2206 1867 2330 1915 haud
2363 1867 2587 1915 dissimilis

399 1953 445 1998 in
482 1948 689 1999 eiusdem
723 1950 826 1999 libri
861 1966 963 2016 cap.
999 1949 1055 2010 3,
1098 1950 1163 1999 18
1201 1958 1382 2011 exstat,
1419 1952 1623 2000 similiter
1657 1948 1908 1998 sanandus:
1946 1951 2085 1996 Clara
2119 1950 2199 1996 illa
2233 1956 2363 2007 atque
2389 1949 2588 1995 maeblimia

397 2032 655 2090 pler-umque
687 2035 899 2079 materiae
931 2035 1060 2080 modo
1096 2035 1312 2081 cemeada
1356 2041 1470 2080 sant.
1551 2029 1699 2090 Quum
1736 2031 1951 2079 inusitata
1992 2027 2123 2078 verbi
2171 2028 2375 2076 cemeadi
2410 2025 2586 2090 signifi-

400 2112 523 2159 catio
559 2108 838 2176 Spaldingio
879 2113 967 2160 iam
1014 2113 1259 2163 offensioni
1305 2111 1494 2173 fuisset,
1548 2113 1594 2161 ei
1628 2109 1865 2161 tollendae
1911 2124 2034 2158 nunc
2083 2109 2310 2157 succurrit
2357 2105 2479 2171 quod
2523 2120 2586 2154 ex

399 2193 557 2241 Ambr.
595 2193 826 2248 excitatur
873 2197 1181 2251 discernenda,
1228 2193 1352 2259 quod
1387 2208 1489 2244 cum
1514 2192 1758 2259 Zumptio,
1794 2193 1975 2256 quicum
2012 2192 2146 2240 etiam
2173 2186 2443 2237 Bonnellius
2466 2186 2586 2234 Lex.

400 2270 587 2330 Quintil.
623 2288 666 2338 p.
702 2271 804 2319 242
840 2273 976 2334 facit,
1017 2288 1077 2323 eo
1107 2274 1339 2322 lubentius
1368 2271 1645 2340 comprobo,
1683 2286 1774 2336 quo
1810 2273 1954 2319 maior
1983 2270 2105 2318 illius
2134 2268 2312 2317 codicis
2340 2269 2588 2314 auctoritas

401 2358 488 2399 est.
557 2350 682 2401 Illud
727 2368 847 2402 vero
893 2357 1046 2411 modo,
1100 2357 1143 2402 in
1180 2370 1271 2418 quo
1322 2352 1563 2404 retinendo
1612 2350 1818 2401 editores
1870 2353 2028 2399 mirum
2079 2352 2125 2421 in
2172 2346 2352 2397 modum
2396 2353 2588 2404 certant,

401 2431 596 2493 (nullius
633 2434 751 2483 enim
790 2434 1006 2485 codicum
1042 2434 1194 2484 adhuc
1232 2434 1557 2495 adhibitorum,
1594 2447 1746 2498 neque
1781 2431 2226 2496 Heidelbergeusis,
2272 2426 2367 2477 fide
2400 2434 2587 2475 susten-

400 2515 546 2573 tatur]
583 2513 739 2577 Regio
773 2513 991 2576 debetur,
1028 2518 1101 2580 qui
1139 2515 1322 2581 quidem
1342 2531 1405 2565 ex
1432 2512 1700 2579 quibusdam
1720 2512 1948 2580 exemplis
1978 2511 2026 2560 id
2061 2526 2116 2560 se
2145 2509 2396 2558 inseruisse
2424 2515 2588 2565 narrat,

401 2600 494 2641 tum
528 2592 709 2642 demum
742 2593 1015 2657 audienduS,
1052 2613 1187 2661 quum
1240 2597 1330 2645 ista
1373 2594 1587 2661 exempla
1627 2608 1746 2659 quae
1788 2595 1904 2655 sint,
1951 2607 2070 2658 quae
2110 2603 2284 2639 vereor
2329 2600 2389 2635 ne
2423 2585 2589 2634 fuerint

405 2671 634 2722 editiones
668 2674 893 2737 quaedam
924 2684 1144 2737 veteres,
1181 2676 1469 2743 exploratum
1505 2673 1810 2724 habuerimus.
1866 2673 2052 2722 Interim
2087 2670 2433 2734 acquiescamus
2469 2668 2587 2715 scri-

400 2760 535 2818 ptura
572 2768 637 2801 ex
672 2753 799 2803 libris
834 2755 953 2804 Mss,
1000 2755 1250 2822 diligenter
1290 2772 1542 2824 expressa,
1588 2757 1760 2804 vitiosa
1805 2770 1863 2804 ea
1898 2752 2106 2819 quidem,
2151 2747 2241 2799 sed
2276 2745 2431 2797 deleta
2466 2760 2588 2794 voce

400 2835 529 2881 modo
565 2840 613 2882 et
649 2833 930 2899 corrigendo
973 2841 1159 2885 materia
1204 2835 1329 2887 facili
1373 2838 1565 2901 negotio
1612 2836 1805 2902 pristino
1850 2835 1983 2884 nitori
2029 2846 2115 2881 suo
2156 2825 2417 2879 reddenda:
2471 2839 2590 2891 quae

401 2913 494 2962 loci
543 2912 815 2962 restituendi
859 2918 974 2965 ratio
1021 2932 1081 2965 eo
1125 2917 1407 2982 probabilior
1458 2916 1715 2975 videbitur,
1769 2931 1861 2980 quo
1884 2963 1886 2965 ,
1907 2911 2192 2976 frequentior
2233 2906 2356 2974 apud
2398 2905 2590 2954 Fabium

401 2991 588 3041 ablativi
626 3009 738 3041 usus
765 2994 812 3040 in
845 2993 980 3043 huius
1016 2995 1150 3045 verbi
1177 2998 1450 3045 discmmadi
1477 2996 1827 3045 constructione
1856 3000 1956 3054 est,
1991 2989 2115 3056 quod
2145 2987 2339 3052 singulis
2364 2983 2590 3051 exemplis

403 3072 674 3122 confirmare
711 3070 834 3122 haud
879 3091 1081 3126 necesse
1121 3083 1207 3125 est.
1278 3077 1356 3126 Ab
1401 3074 1490 3125 hac
1535 3081 1687 3124 autem
1731 3074 2027 3139 digressione
2067 3074 2335 3132 anteaquam
2379 3067 2424 3113 in
2470 3067 2589 3114 viam

400 3159 711 3213 revertamur,
746 3154 875 3202 iuvat
910 3153 1157 3205 Ciceronis
1194 3142 1420 3221 quendam
1459 3155 1611 3204 locum
1647 3154 1919 3221 designare,
1960 3155 2004 3200 in
2041 3165 2132 3214 quo
2168 3146 2324 3194 similis
2353 3146 2589 3193 fluctuatio
