2799 3569
1120 198 1188 205 ....
1290 166 1324 215 7
1428 197 1494 207 ...-

212 316 476 372 arbitratur,
529 308 577 358 id
611 305 736 372 quod
785 321 926 355 secus
961 304 1064 353 mihi
1103 304 1251 355 videri
1297 321 1384 356 suo
1419 306 1529 357 loco
1563 306 1739 366 monui,
1794 305 1967 372 quippe
2020 304 2213 356 eandem
2260 306 2397 373 plane

213 397 457 446 lectionem
493 408 523 440 a
556 386 712 438 Bamb.
749 386 945 435 oblatam
981 385 1292 437 revocandam
1327 392 1467 437 ratus.

349 480 395 532 s.
430 471 511 520 30.
579 466 734 516 Bamb.
771 483 897 525 erqo,
943 465 1194 516 adnotante
1228 466 1349 516 haec
1384 466 1708 517 Enderleinio:
1761 465 2031 532 „Vulgatae
2066 483 2166 527 eqo,
2213 469 2253 515 si
2291 467 2399 531 quid

214 554 382 612 video,
417 549 718 599 adversativa
751 544 974 609 quaedam
1008 548 1085 595 vis
1119 548 1266 606 inest,
1301 545 1409 594 huic
1442 546 1552 595 loco
1587 546 1751 595 aliena.
1797 545 2022 597 Standum
2049 548 2094 595 in
2130 548 2400 612 optimorum

215 639 385 680 tantum
437 644 528 676 non
582 628 776 676 omnium
829 631 1060 691 (praeter,
1091 632 1297 675 nostrum
1349 625 1506 674 Turic.
1561 625 1690 675 Flor.
1743 624 1942 691 Guelph.
1997 624 2157 691 Camp.
2201 625 2400 686 Almel.)

215 713 440 768 lectione,
493 708 570 771 qui
616 703 925 754 concludendi
960 705 1227 772 particulam
1271 704 1533 754 exhibent.“
1601 706 1768 754 Recte.
1820 705 2152 769 Neglexerunt
2193 703 2399 754 editores

217 789 487 841 discriminis
523 784 632 850 quid
666 783 863 852 prodeat
897 800 961 834 ex
996 784 1186 835 diverso
1220 785 1313 834 fine
1350 789 1398 834 et
1425 801 1637 847 munere,
1675 784 1799 851 quod
1826 787 2005 850 utrique
2039 789 2397 851 persequantur:

221 868 343 935 quod
379 867 514 932 quale
550 868 634 926 sit,
669 871 833 914 auctor
867 867 1026 915 verbis
1060 883 1198 927 neque
1232 882 1334 926 erqo
1370 871 1458 915 etc.
1493 866 1707 914 ostendit.
1826 865 1829 867 ’

354 954 399 1007 s.
434 944 515 994 31.
586 945 742 994 Bamb.
780 938 996 993 oratorem
1038 949 1198 993 moveri
1239 950 1347 1005 ioc.,
1396 945 1470 994 ubi
1516 960 1635 995 nunc
1679 945 1900 1011 vulgatur
1943 950 2180 993 orationem
2215 949 2403 1008 thdam

218 1032 338 1078 uberi
371 1029 655 1086 iucundoque.
726 1025 1081 1075 Enderleinius:
1118 1028 1414 1084 „0ratorem‚
1448 1028 1611 1090 inquit,
1646 1026 1770 1076 haud
1805 1026 2068 1092 spernenda
2089 1026 2246 1086 lecti0,
2282 1040 2403 1089 quae

223 1122 484 1173 quamquam
518 1108 563 1153 in
600 1104 737 1155 codd.
771 1111 958 1171 praeter
991 1110 1196 1155 nostrum
1231 1121 1323 1155 non
1358 1107 1611 1165 invenitur,
1645 1110 1834 1155 vetusta
1868 1111 2019 1155 tamen
2044 1123 2179 1154 manu
2213 1106 2402 1155 editioni

221 1203 352 1238 meae
394 1185 668 1236 Coloniensi
704 1186 891 1247 (1521)
926 1185 1110 1253 adpicta
1145 1191 1261 1235 est.“
1331 1186 1469 1235 Immo
1499 1185 1720 1249 vulgatae
1748 1203 1806 1237 ea
1836 1187 1979 1235 lectio
2014 1186 2155 1235 multo
2184 1192 2403 1252 praestat,

222 1265 587 1333 quandoquidem
622 1265 683 1315 de
719 1271 905 1315 oratore
942 1266 1095 1315 futuro
1139 1269 1315 1331 agitur,
1361 1282 1419 1315 eo
1452 1268 1625 1315 maiore
1659 1266 1827 1315 fiducia
1860 1269 1906 1315 in
1942 1272 2212 1315 contextum
2247 1268 2402 1314 susci-

221 1347 415 1414 pienda,
451 1361 542 1410 quo
579 1348 765 1412 saepius
799 1345 892 1414 1100
927 1349 973 1395 111
1008 1362 1189 1411 genere
1226 1346 1433 1407 dicendi,
1468 1362 1560 1411 quo
1595 1346 1870 1396 abstractum
1906 1363 2009 1396 cum
2045 1353 2298 1407 concreto,
2355 1354 2405 1394 ut

219 1430 364 1485 aiunt,
418 1431 466 1475 et
519 1428 720 1476 invicem
755 1432 1034 1477 commutare
1067 1429 1115 1475 in
1165 1432 1377 1494 promptu
1412 1432 1506 1486 est,
1557 1442 1586 1474 a
1620 1426 1755 1476 Fabii
1787 1428 1979 1476 librariis
2013 1433 2273 1494 peccatum
2292 1442 2404 1477 esse

220 1505 645 1567 animadvertimus,
697 1506 1072 1571 quemadmodum
1120 1524 1253 1572 quum
1288 1504 1436 1567 VIII,
1471 1505 1526 1567 3,
1577 1506 1646 1554 22
1691 1523 1755 1555 ex
1788 1511 2062 1557 auctoritate
2107 1508 2243 1557 codd.
2280 1523 2403 1556 nunc

219 1586 453 1650 vulgatum
499 1584 646 1635 fertur
688 1590 739 1634 id
779 1595 921 1636 tamen
968 1591 1014 1635 in
1054 1590 1436 1635 dechunatimiibus
1478 1595 1545 1634 est
1588 1591 1822 1635 notabilius
1857 1591 2112 1650 hindar-ique
2156 1605 2225 1636 me
2264 1604 2402 1649 puero

220 1669 388 1713 solebat
421 1670 534 1726 etc.,
571 1663 905 1716 Ambrosianus
939 1673 1144 1734 praestat
1178 1671 1561 1726 declamatoribus,
1597 1667 1722 1733 quod
1755 1667 1899 1733 longe
1926 1669 2257 1734 significantius
2291 1683 2404 1717 esse

220 1743 392 1792 iudicat
425 1744 684 1811 Zumptius.
752 1747 912 1811 Atque
946 1747 1025 1796 illa
1060 1750 1162 1815 ipsa
1195 1764 1297 1798 vox
1327 1757 1470 1796 orator
1498 1750 1660 1797 nescio
1683 1764 1774 1813 quo
1810 1762 1925 1797 casu
1958 1749 2175 1798 meliores
2194 1746 2404 1807 codices,

221 1823 382 1887 quibus
416 1825 551 1872 etiam
586 1824 1007 1890 Heidelbergensis
1042 1827 1311 1889 addendus,
1346 1827 1408 1876 de
1439 1843 1530 1893 quo
1565 1827 1661 1876 dixi
1686 1828 1811 1876 Part.
1831 1827 1869 1876 1.
1904 1846 1948 1894 p.
1971 1828 2041 1887 4.‚
2077 1830 2248 1876 invasit
2266 1827 2404 1884 VIII,

221 1902 276 1963 3,
314 1902 375 1950 11
389 1939 402 1964 ,
446 1903 522 1952 ubi
567 1905 807 1969 vulgatur:
860 1910 987 1955 Illud
1029 1912 1320 1958 obser-vcctimoe
1364 1912 1553 1969 diffinias,
1607 1911 1725 1970 quod
1756 1911 1826 1957 hic
1860 1913 1955 1970 ipse
1989 1911 2193 1956 honestus
2228 1915 2406 1955 emtus

219 2000 300 2042 pro
334 1988 543 2032 numeriae
575 2003 733 2045 yenere
769 1990 892 2036 decet
928 1992 1134 2037 variatim.
1204 1990 1259 2038 In
1313 2005 1496 2054 quorum
1548 1988 1761 2038 codicum
1812 1990 2072 2038 constantia
2113 1988 2286 2038 vellem
2319 2002 2404 2053 per

224 2067 426 2109 ceteram
460 2063 555 2112 loci
590 2067 858 2131 scripturam
892 2067 1065 2116 liceret
1096 2069 1231 2118 nobis
1267 2069 1469 2118 scribere
1514 2075 1633 2131 quod
1662 2073 1734 2117 hic
1767 2075 1864 2130 ipse
1898 2079 2047 2116 orator
2076 2086 2161 2129 pro
2193 2070 2405 2114 materiae

221 2159 375 2200 ρεπεν-ε
410 2146 536 2191 debet
566 2150 761 2205 variare,
799 2147 923 2212 quod
957 2153 1116 2199 sensui
1152 2153 1428 2217 aptissimum
1454 2150 1588 2200 foret.
1641 2150 1764 2198 Nam
1790 2166 1884 2199 non
1913 2149 2053 2198 debet
2078 2149 2189 2197 loco
2223 2148 2403 2196 moveri

222 2224 366 2277 decet,
420 2223 544 2286 quod
579 2242 712 2290 quum
745 2243 832 2292 per
867 2233 1010 2276 totum
1044 2229 1137 2278 hoc
1173 2236 1312 2297 eaput
1355 2231 1416 2280 de
1457 2236 1621 2279 ornatu
1667 2232 1862 2294 eiusque
1905 2229 2084 2278 decore
2129 2244 2281 2276 sermo
2328 2229 2402 2285 sit,

221 2306 384 2348 auctor
413 2304 631 2354 consulto
666 2309 884 2372 posuisse
918 2308 1115 2358 videtur.
1184 2311 1360 2376 Neque
1393 2310 1581 2360 codices
1616 2325 1708 2358 uno
1744 2324 1980 2358 consensu
2013 2324 2106 2356 non
2142 2312 2405 2372 agnoscunt

222 2378 468 2432 lectionem
501 2389 707 2435 variatus.
777 2388 840 2437 Ut
874 2390 1013 2455 igitur
1046 2407 1171 2441 nunc
1205 2409 1284 2442 res
1321 2398 1417 2455 est,
1458 2388 1847 2457 acquiescendum
1888 2391 1936 2437 in
1968 2380 2174 2437 lectione
2209 2395 2402 2442 omitte,

223 2461 353 2507 cuius
389 2468 519 2511 certe
554 2463 749 2514 fulcrum
784 2467 1003 2519 habemus
1028 2474 1073 2519 in
1109 2475 1337 2538 scriptura
1370 2475 1535 2523 vitiosa
1554 2470 1697 2520 Goth.
1732 2477 1781 2520 et
1797 2470 1943 2518 Voss.
1979 2468 2014 2515 2
2049 2477 2238 2525 ornator,
2270 2481 2404 2531 quam

222 2537 392 2588 nollem
427 2540 729 2609 Spaldiugius
765 2551 1112 2613 exquisitiorem
1158 2553 1460 2619 appellasset:
1508 2566 1654 2618 saepe
1698 2552 1818 2600 enim
1860 2563 2029 2599 vocum
2063 2548 2405 2597 terminationes

226 2635 275 2664 or
309 2624 357 2668 et
390 2637 443 2668 ua
478 2628 525 2672 ut
560 2624 692 2687 alibi,
744 2627 808 2676 ita
858 2629 906 2677 in
939 2630 1076 2680 Fabii
1111 2649 1294 2698 quoque
1328 2633 1443 2682 Mss.
1489 2636 1789 2683 commutatas
1832 2629 2145 2680 observamus.
2214 2623 2407 2676 Certior

223 2712 341 2746 vero
385 2700 476 2750 alia
520 2711 594 2754 est
637 2706 822 2758 medela
871 2708 979 2760 huic
1025 2712 1134 2761 loco
1186 2713 1454 2764 adhibenda.
1523 2714 1637 2763 Non
1670 2712 1789 2776 sugit
1818 2706 2177 2767 Gernhardium,
2226 2723 2312 2766 pro
2346 2705 2407 2753 ab

225 2777 430 2828 omnihus
465 2782 592 2834 libris
628 2789 812 2856 scriptis
848 2796 896 2840 et
931 2795 1123 2842 excusis
1164 2793 1358 2858 abesse,
1410 2811 1436 2843 a
1468 2794 1624 2859 Regio
1675 2792 1852 2841 demum
1894 2791 2135 2838 insertum:
2190 2785 2278 2837 sed
2312 2802 2407 2835 11011

224 2856 424 2908 debebat
459 2865 659 2930 expulso
691 2885 775 2929 pro
809 2870 1059 2937 legendum
1094 2890 1361 2942 proponere
1393 2880 1598 2923 materiae
1616 2890 1798 2935 qenera,
1834 2887 1925 2936 quo
1961 2870 2193 2919 sententia
2228 2868 2406 2917 ohscu-

224 2943 371 3000 ratur,
407 2945 481 2993 0111
515 2949 664 3012 aptior
699 2950 931 3001 videbitur
965 2958 1199 3005 correctio
1225 2962 1431 3005 materiae
1458 2973 1483 3004 e
1507 2973 1676 3017 yenere.
1720 2953 1941 3004 Similiter
1975 2950 2130 2999 adhuc
2166 2954 2408 3017 peccatum

225 3032 334 3066 ΨΘΧ
368 3026 413 3078 §-
436 3022 523 3087 13,
559 3026 635 3076 ubi
668 3027 860 3094 Fabius,
896 3040 1136 3099 postquam
1172 3041 1265 3086 tum
1300 3053 1431 3102 quum
1464 3038 1658 3086 maxima
1690 3049 1841 3083 rerum
1877 3038 2106 3082 momenta
2141 3035 2407 3089 versentur,

226 3096 419 3147 alienam
447 3117 557 3155 esse
586 3110 761 3159 nimiam
788 3115 830 3161 in
860 3115 1018 3163 verbis
1048 3115 1296 3182 diligendis
1334 3117 1685 3168 sollicitudinem
1709 3116 1897 3175 monuit,
1935 3113 2011 3161 his
2044 3114 2218 3180 pergit:
2253 3112 2407 3170 Neque
