2799 3569
443 869 603 955 Quod
638 906 770 955 quum
806 889 868 937 ad
901 889 1022 938 hunc
1058 888 1190 937 Fabii
1225 887 1383 936 librum
1429 886 1646 937 decimum
1690 902 1774 955 per
1809 888 1982 953 aliquot
2018 887 2270 937 libellorum
2306 888 2482 939 acade-

307 977 520 1022 micorum
555 971 939 1037 opportunitatem
975 968 1340 1035 percensendum
1391 983 1560 1017 manum
1603 970 1785 1034 primum
1822 968 2100 1035 applicarem
2135 972 2382 1035 exoptavi,
2436 974 2484 1017 ut

291 1046 424 1120 'quae
459 1051 533 1099 hic
568 1050 663 1098 illic
693 1052 739 1097 in
773 1047 1148 1098 bibliothecarum
1183 1048 1450 1098 recessibus
1484 1048 1683 1096 subsidia
1705 1050 1865 1098 critica
1900 1047 2182 1097 delitescere
2206 1051 2483 1106 resciissem,

308 1131 490 1182 tandem
542 1129 749 1194 diligenti
804 1144 916 1178 cura
968 1130 1337 1177 examinarentur
1399 1135 1447 1176 et
1505 1127 1641 1175 futuri
1693 1128 1883 1177 editoris
1937 1127 2179 1177 commodo
2237 1131 2283 1176 in
2334 1129 2482 1178 lucem

306 1210 701 1281 protraherentur:
763 1208 809 1257 id
851 1213 1037 1275 praeter
1081 1224 1260 1258 omnem
1299 1209 1691 1273 exspectationem
1733 1209 1796 1255 ita
1843 1213 1984 1256 ratum
2031 1207 2139 1268 fuit,
2177 1213 2225 1256 ut
2259 1208 2481 1258 Bamber-

307 1294 467 1358 gensis
519 1296 649 1338 certe
696 1288 901 1351 codicis,
954 1304 1086 1354 quem
1140 1303 1243 1336 cum
1289 1287 1391 1335 aliis
1434 1287 1676 1352 aliquando
1717 1296 1934 1337 accurate
1982 1287 2307 1337 excutiendum
2352 1288 2482 1337 desi-

307 1387 491 1436 gnaram
534 1371 602 1430 ¹),
647 1385 769 1418 anno
815 1374 924 1435 post
958 1370 1095 1434 copia
1137 1383 1222 1434 per
1255 1366 1514 1415 industriam
1550 1367 1822 1417 laudabilem
1857 1367 1983 1416 Frid.
2018 1367 2257 1417 Leonardi
2296 1367 2483 1418 Ender-

307 1452 429 1500 leinii
463 1449 587 1498 facta
622 1451 704 1506 sit,
742 1451 817 1513 qui
854 1448 1021 1497 codice
1057 1463 1117 1496 eo
1152 1464 1181 1495 a
1215 1442 1368 1513 capite
1388 1446 1449 1494 ad
1468 1446 1640 1496 calcem
1662 1447 1962 1513 perlustrato,
2000 1465 2132 1511 quum
2169 1464 2289 1512 quae
2325 1454 2484 1496 notatu

307 1530 445 1593 digua
481 1530 583 1578 visa
618 1535 800 1588 essent,
836 1526 1009 1576 chartis
1043 1526 1330 1587 mandasset,
1367 1542 1487 1575 nunc
1513 1528 1559 1574 in
1578 1525 1873 1577 Solemnibus
1901 1529 2228 1576 anniversariis
2257 1530 2483 1593 gymnasii

308 1607 717 1666 Suevofurtensis,
752 1610 798 1655 in
835 1623 925 1671 quo
961 1622 1148 1656 munere
1183 1606 1466 1673 professoris
1497 1606 1745 1655 litterarum
1781 1608 2060 1670 antiquarum
2094 1606 2318 1670 fungitur,
2366 1607 2481 1655 binis

309 1686 565 1735 indicendis
601 1688 861 1752 speciminis
897 1686 1006 1735 loco
1041 1686 1256 1735 lectionis
1302 1685 1614 1734 diversitatem
1650 1701 1713 1733 ex
1758 1685 1858 1732 libri
1905 1686 2011 1732 noni
2060 1688 2211 1751 capite
2255 1689 2397 1751 primo
2434 1692 2483 1734 et

309 1782 371 1814 ex
408 1766 524 1815 libro
561 1764 742 1814 decimo
777 1766 999 1829 integram
1036 1772 1304 1831 excerptam
1350 1779 1453 1814 cum
1486 1766 1596 1814 viris
1631 1763 1782 1814 doctis
1818 1766 2167 1814 communicavit
2206 1766 2273 1825 ²),
2326 1764 2482 1813 addita

310 1849 496 1913 insuper
529 1860 614 1912 per
648 1845 766 1893 hanc
801 1847 1097 1895 occasionem
1134 1847 1268 1894 etiam
1302 1845 1420 1894 alius
1466 1844 1640 1894 codicis
1675 1843 1979 1909 Pollingiani,
2025 1859 2145 1893 nunc
2180 1845 2482 1895 Monacensis

310 1928 469 1973 notitia
504 1927 744 1973 succincta
781 1925 837 1985 ³).
909 1925 1068 1989 Atque
1103 1939 1166 1974 ex
1202 1924 1283 1974 illo
1319 1924 1485 1975 codice
1510 1924 1840 1989 Bambergensi
1877 1938 1994 1988 quae
2030 1925 2116 1972 iam
2151 1939 2276 1973 nova
2311 1927 2481 1973 instru-

313 2007 472 2054 mentis
507 2003 567 2053 ad
605 2003 925 2063 Quintilianum
970 2004 1341 2072 perpurgandum
1385 2007 1551 2054 criticis
1588 2004 1790 2054 subsidia
1824 2010 2152 2064 accesserunt,
2197 2020 2256 2054 eo
2304 2006 2482 2054 maioris

311 2083 594 2132 aestimanda
629 2094 748 2145 sunt,
784 2078 876 2149 quo
911 2086 950 2132 is
985 2084 1127 2133 classi
1162 2084 1376 2134 librorum
1412 2087 1580 2149 certius
1617 2089 1660 2135 ei
1703 2083 2018 2148 adsignandus
2054 2082 2279 2144 videatur,
2314 2087 2359 2132 in
2395 2100 2483 2148 qua

312 2172 418 2228 post
454 2164 804 2212 Ambrosianum
838 2165 888 2223 1,
941 2166 1016 2229 qui
1061 2167 1223 2213 merito
1266 2148 1462 2214 omnium
1504 2168 1696 2234 optimus
1732 2170 1976 2223 censetur,
2028 2166 2156 2210 iuxta
2195 2167 2483 2212 numerantur

315 2243 594 2292 Turicensis
630 2250 677 2292 et
712 2243 1027 2305 Florentinus,
1064 2243 1227 2293 eadem
1262 2261 1351 2309 qua
1385 2245 1432 2292 hi
1453 2245 1529 2294 vel
1557 2247 1839 2313 praestantia
1864 2245 1946 2293 vel
1981 2244 2270 2310 corruptelae
2306 2247 2483 2292 ratione

315 2324 518 2387 insignes
555 2330 662 2371 sunt
697 2326 765 2385 ⁴),
819 2326 1098 2390 conspicuus
1132 2331 1181 2372 et
1214 2324 1318 2373 ille:
1365 2340 1454 2374 nec
1489 2332 1636 2375 tamen
1669 2329 1726 2374 iis
1759 2328 1824 2374 ita
1857 2324 2091 2384 addictus,
2129 2326 2234 2387 quin
2269 2339 2483 2373 nonnun-

316 2416 445 2463 quam
481 2402 537 2450 ab
573 2405 629 2451 iis
664 2406 918 2453 recesserit
952 2403 1305 2468 singularesque
1349 2407 1513 2471 passim
1547 2405 1778 2455 lectiones
1814 2403 2093 2462 exhibuerit,
2147 2418 2264 2467 quae
2298 2402 2483 2452 aliunde

316 2479 465 2529 adhuc
500 2485 720 2547 cognitae
753 2499 845 2532 non
882 2491 1057 2544 essent,
1093 2486 1269 2533 minime
1293 2483 1590 2550 spernendae.
1636 2487 1798 2550 Itaque
1823 2491 2091 2548 anteaquam
2118 2486 2162 2530 in
2196 2483 2486 2549 pertexenda

318 2559 411 2608 tela
444 2576 545 2610 mea
580 2577 850 2629 pergerem,
895 2579 958 2614 ex
1001 2579 1054 2614 re
1097 2579 1207 2614 esse
1259 2568 1408 2614 visum
1453 2572 1543 2626 est,
1597 2583 1690 2616 non
1736 2572 1825 2614 tam
1870 2570 2059 2632 propter
2093 2563 2280 2612 subsidii
2314 2579 2486 2613 recens

317 2642 491 2690 inventi
525 2645 777 2693 novitatem
813 2659 944 2709 quam
979 2644 1039 2693 ob
1075 2646 1284 2694 eximiam
1320 2648 1420 2695 eius
1463 2644 1660 2696 indolem
1703 2663 1766 2698 ex
1801 2645 1965 2695 decimi
2000 2650 2129 2693 certe
2163 2643 2266 2693 libri
2301 2651 2381 2703 55.
2417 2646 2488 2705 iis,

318 2735 432 2783 quas
464 2720 616 2773 adhuc
657 2726 885 2785 tractavi,
936 2726 1162 2791 potiorem
1213 2728 1469 2793 scripturae
1517 2729 1787 2777 varietatem
1838 2741 1937 2775 eam
1989 2731 2182 2774 enotare
2234 2726 2488 2791 paucisque

320 2792 596 2865 explorare,
635 2820 724 2869 qua
760 2810 808 2853 et
841 2803 995 2854 iudicii
1029 2807 1174 2854 nostri
1210 2804 1272 2855 de
1306 2806 1440 2860 huius
1485 2807 1659 2856 codicis
1694 2808 1972 2874 praestantia
2009 2821 2180 2853 summa
2215 2805 2488 2871 probaretur

368 2968 402 3012 1)
428 2969 706 3010 Adnotationum
741 2976 818 3013 crit.
852 2977 889 3012 in
913 2975 1123 3020 Quintiliani
1156 2977 1240 3014 Inst.
1277 2984 1365 3015 orat.
1448 2976 1653 3015 Suevosurti
1678 2978 1776 3015 1842.
1825 2976 1949 3014 Sectio
1984 2976 2121 3019 altera,
2154 2976 2333 3014 decimum
2357 2975 2488 3012 librum

321 3023 384 3061 lib.
408 3024 453 3060 X.
477 3027 573 3064 Part.
596 3031 623 3065 1.
649 3032 780 3069 Gissae
801 3035 899 3070 1841.
925 3045 959 3080 p.
983 3037 1015 3069 4.
1448 3038 1655 3079 continens,
1680 3035 1887 3071 Suevofurti
1912 3036 2011 3069 1843.

366 3081 402 3125 2)
429 3082 687 3124 commentatio
711 3090 755 3126 de
780 3090 1043 3136 Bambergensi
1072 3092 1199 3128 codice
1224 3093 1365 3130 institu-
1490 3094 1525 3136 3)
1551 3093 1648 3129 Sect.
1674 3093 1699 3127 1.
1724 3104 1757 3139 p.
1782 3095 1814 3129 4.

322 3139 458 3175 tionum
499 3139 709 3184 Quintiliani
750 3149 1003 3195 manuscripto.
1075 3148 1197 3185 Sectio
1240 3154 1366 3199 prima,
1491 3152 1527 3194 4)
1552 3150 1630 3186 Hac
1655 3151 1699 3186 de
1722 3162 1763 3186 re
1789 3151 1862 3186 dixi
1887 3149 1981 3186 Part.
2008 3151 2031 3185 l.
2057 3162 2091 3199 p.
2118 3154 2147 3185 1.

2086 3211 2150 3252 1*
