<?xml version="1.0" encoding="UTF-8"?>
<!DOCTYPE html PUBLIC "-//W3C//DTD XHTML 1.0 Transitional//EN"
    "http://www.w3.org/TR/xhtml1/DTD/xhtml1-transitional.dtd">
<html xmlns="http://www.w3.org/1999/xhtml" xml:lang="en" lang="en">
 <head>
  <title>
</title>
<meta http-equiv="Content-Type" content="text/html;charset=utf-8" />
  <meta name='ocr-system' content='tesseract 3.04.00' />
  <meta name='ocr-capabilities' content='ocr_page ocr_carea ocr_par ocr_line ocrx_word'/>
</head>
<body>
  <div class='ocr_page' id='page_1' title='image "4763740_0016.png"; bbox 0 0 2799 3569; ppageno 0'>
   <div class='ocr_carea' id='block_1_1' title="bbox 1215 196 1577 243">
    <p class='ocr_par' dir='ltr' id='par_1_1' title="bbox 1215 196 1577 243">
     <span class='ocr_line' id='line_1_1' title="bbox 1215 196 1577 243; baseline -0.008 0"><span class='ocrx_word' id='word_1_1' title='bbox 1215 196 1577 243; x_wconf 81' lang='grc'>-10--</span> 
     </span>
    </p>
   </div>
   <div class='ocr_carea' id='block_1_2' title="bbox 1045 380 1755 445">
    <p class='ocr_par' dir='ltr' id='par_1_2' title="bbox 1045 380 1755 445">
     <span class='ocr_line' id='line_1_2' title="bbox 1045 380 1755 445; baseline 0.004 -5"><span class='ocrx_word' id='word_1_2' title='bbox 1045 382 1415 445; x_wconf 63' lang='lat' dir='ltr'><strong>cll’ffls</strong></span> <span class='ocrx_word' id='word_1_3' title='bbox 1478 380 1755 444; x_wconf 80' lang='grc' dir='ltr'><strong>ΡΙΗΜΙ</strong></span> 
     </span>
    </p>
   </div>
   <div class='ocr_carea' id='block_1_3' title="bbox 588 528 2213 717">
    <p class='ocr_par' dir='ltr' id='par_1_3' title="bbox 588 528 2213 717">
     <span class='ocr_line' id='line_1_3' title="bbox 1315 528 1483 589; baseline -0.012 -10"><span class='ocrx_word' id='word_1_4' title='bbox 1315 537 1360 589; x_wconf 79' lang='lat' dir='ltr'><strong>S.</strong></span> <span class='ocrx_word' id='word_1_5' title='bbox 1404 528 1483 577; x_wconf 84' lang='lat'><strong>33.</strong></span> 
     </span>
     <span class='ocr_line' id='line_1_4' title="bbox 588 657 2213 717; baseline 0.002 -13"><span class='ocrx_word' id='word_1_6' title='bbox 588 658 757 704; x_wconf 67' lang='lat' dir='ltr'><strong>neuim</strong></span> <span class='ocrx_word' id='word_1_7' title='bbox 791 672 872 703; x_wconf 81' lang='lat' dir='ltr'><strong>nec</strong></span> <span class='ocrx_word' id='word_1_8' title='bbox 915 658 1211 715; x_wconf 68' lang='lat' dir='ltr'><strong>Tlmcydt‘dem</strong></span> <span class='ocrx_word' id='word_1_9' title='bbox 1245 666 1320 704; x_wconf 80' lang='lat' dir='ltr'><strong>ant</strong></span> <span class='ocrx_word' id='word_1_10' title='bbox 1354 658 1680 715; x_wconf 73' lang='lat' dir='ltr'><em>Xenophontem</em></span> <span class='ocrx_word' id='word_1_11' title='bbox 1712 657 1843 702; x_wconf 67' lang='lat' dir='ltr'><strong>utiles</strong></span> <span class='ocrx_word' id='word_1_12' title='bbox 1879 663 2042 705; x_wconf 80' lang='lat' dir='ltr'><strong>oratori</strong></span> <span class='ocrx_word' id='word_1_13' title='bbox 2073 669 2213 717; x_wconf 67' lang='lat' dir='ltr'><strong>pratae.</strong></span> 
     </span>
    </p>
   </div>
   <div class='ocr_carea' id='block_1_4' title="bbox 306 778 2497 3003">
    <p class='ocr_par' dir='ltr' id='par_1_4' title="bbox 306 778 2497 3003">
     <span class='ocr_line' id='line_1_5' title="bbox 306 778 2484 845; baseline 0.001 -17"><span class='ocrx_word' id='word_1_14' title='bbox 306 781 380 828; x_wconf 88' lang='lat' dir='ltr'><strong>Ita</strong></span> <span class='ocrx_word' id='word_1_15' title='bbox 422 780 764 833; x_wconf 77' lang='lat' dir='ltr'><strong>Frotscherus,</strong></span> <span class='ocrx_word' id='word_1_16' title='bbox 828 778 898 827; x_wconf 90' lang='lat' dir='ltr'><strong>his</strong></span> <span class='ocrx_word' id='word_1_17' title='bbox 945 782 989 827; x_wconf 90' lang='lat' dir='ltr'><strong>in</strong></span> <span class='ocrx_word' id='word_1_18' title='bbox 1046 788 1182 845; x_wconf 75' lang='lat' dir='ltr'><strong>nota,</strong></span> <span class='ocrx_word' id='word_1_19' title='bbox 1241 796 1329 845; x_wconf 89' lang='lat' dir='ltr'><strong>qua</strong></span> <span class='ocrx_word' id='word_1_20' title='bbox 1373 779 1481 844; x_wconf 89' lang='lat' dir='ltr'><strong>quid</strong></span> <span class='ocrx_word' id='word_1_21' title='bbox 1533 781 1711 828; x_wconf 88' lang='lat' dir='ltr'><strong>intersit</strong></span> <span class='ocrx_word' id='word_1_22' title='bbox 1767 781 1887 828; x_wconf 88' lang='lat' dir='ltr'><strong>inter</strong></span> <span class='ocrx_word' id='word_1_23' title='bbox 1940 787 2228 843; x_wconf 70' lang='lat' dir='ltr'><strong>ite-quidem</strong></span> <span class='ocrx_word' id='word_1_24' title='bbox 2278 788 2324 832; x_wconf 87' lang='lat' dir='ltr'><strong>et</strong></span> <span class='ocrx_word' id='word_1_25' title='bbox 2367 800 2484 830; x_wconf 86' lang='lat' dir='ltr'><strong>nec-</strong></span> 
     </span>
     <span class='ocr_line' id='line_1_6' title="bbox 306 858 2487 927; baseline 0 -19"><span class='ocrx_word' id='word_1_26' title='bbox 306 863 480 922; x_wconf 74' lang='lat' dir='ltr'><strong>quidem</strong></span> <span class='ocrx_word' id='word_1_27' title='bbox 521 864 792 927; x_wconf 83' lang='lat' dir='ltr'><strong>pertractat,</strong></span> <span class='ocrx_word' id='word_1_28' title='bbox 851 858 1094 908; x_wconf 89' lang='lat' dir='ltr'><strong>subiectis:</strong></span> <span class='ocrx_word' id='word_1_29' title='bbox 1162 859 1367 927; x_wconf 83' lang='lat' dir='ltr'><strong>„Spald.</strong></span> <span class='ocrx_word' id='word_1_30' title='bbox 1413 859 1555 909; x_wconf 82' lang='lat' dir='ltr'>edidit</span> <span class='ocrx_word' id='word_1_31' title='bbox 1598 876 1652 907; x_wconf 79' lang='lat' dir='ltr'><strong>ne</strong></span> <span class='ocrx_word' id='word_1_32' title='bbox 1704 860 1836 906; x_wconf 71' lang='lat' dir='ltr'><strong>Thac.</strong></span> <span class='ocrx_word' id='word_1_33' title='bbox 1883 861 2055 919; x_wconf 67' lang='lat' dir='ltr'><strong>widem</strong></span> <span class='ocrx_word' id='word_1_34' title='bbox 2111 873 2188 911; x_wconf 82' lang='lat' dir='ltr'><strong>aut</strong></span> <span class='ocrx_word' id='word_1_35' title='bbox 2232 866 2340 911; x_wconf 82' lang='lat' dir='ltr'><strong>Xen.</strong></span> <span class='ocrx_word' id='word_1_36' title='bbox 2421 862 2487 910; x_wconf 81' lang='lat' dir='ltr'><strong>At</strong></span> 
     </span>
     <span class='ocr_line' id='line_1_7' title="bbox 307 936 2489 1007; baseline 0 -20"><span class='ocrx_word' id='word_1_37' title='bbox 307 946 511 989; x_wconf 89' lang='lat' dir='ltr'><strong>nostrum</strong></span> <span class='ocrx_word' id='word_1_38' title='bbox 547 938 717 987; x_wconf 84' lang='lat' dir='ltr'><strong>babent</strong></span> <span class='ocrx_word' id='word_1_39' title='bbox 750 955 950 987; x_wconf 89' lang='lat' dir='ltr'><strong>summae</strong></span> <span class='ocrx_word' id='word_1_40' title='bbox 993 941 1277 988; x_wconf 81' lang='lat' dir='ltr'>auctoritatis</span> <span class='ocrx_word' id='word_1_41' title='bbox 1314 940 1424 988; x_wconf 80' lang='lat' dir='ltr'><strong>libri</strong></span> <span class='ocrx_word' id='word_1_42' title='bbox 1460 939 1618 988; x_wconf 91' lang='lat' dir='ltr'><strong>Turic.</strong></span> <span class='ocrx_word' id='word_1_43' title='bbox 1653 936 1814 987; x_wconf 82' lang='lat' dir='ltr'><strong>Flor.“</strong></span> <span class='ocrx_word' id='word_1_44' title='bbox 1901 939 2153 990; x_wconf 75' lang='lat' dir='ltr'>Assentior</span> <span class='ocrx_word' id='word_1_45' title='bbox 2206 944 2249 990; x_wconf 92' lang='lat' dir='ltr'><strong>in</strong></span> <span class='ocrx_word' id='word_1_46' title='bbox 2302 949 2489 1007; x_wconf 86' lang='lat' dir='ltr'><strong>recepta</strong></span> 
     </span>
     <span class='ocr_line' id='line_1_8' title="bbox 307 1015 2488 1081; baseline 0 -15"><span class='ocrx_word' id='word_1_47' title='bbox 307 1019 527 1077; x_wconf 90' lang='lat' dir='ltr'><strong>lectione,</strong></span> <span class='ocrx_word' id='word_1_48' title='bbox 564 1034 655 1066; x_wconf 90' lang='lat' dir='ltr'><strong>non</strong></span> <span class='ocrx_word' id='word_1_49' title='bbox 691 1018 799 1066; x_wconf 90' lang='lat' dir='ltr'><strong>item</strong></span> <span class='ocrx_word' id='word_1_50' title='bbox 834 1020 880 1066; x_wconf 90' lang='lat' dir='ltr'><strong>in</strong></span> <span class='ocrx_word' id='word_1_51' title='bbox 915 1019 972 1066; x_wconf 88' lang='lat' dir='ltr'><strong>iis</strong></span> <span class='ocrx_word' id='word_1_52' title='bbox 1007 1033 1125 1081; x_wconf 89' lang='lat' dir='ltr'><strong>quae</strong></span> <span class='ocrx_word' id='word_1_53' title='bbox 1161 1018 1222 1067; x_wconf 88' lang='lat' dir='ltr'><strong>ad</strong></span> <span class='ocrx_word' id='word_1_54' title='bbox 1258 1034 1357 1067; x_wconf 87' lang='lat' dir='ltr'><strong>eam</strong></span> <span class='ocrx_word' id='word_1_55' title='bbox 1392 1016 1730 1068; x_wconf 83' lang='lat' dir='ltr'><strong>defendendam</strong></span> <span class='ocrx_word' id='word_1_56' title='bbox 1760 1015 1821 1066; x_wconf 91' lang='lat' dir='ltr'><strong>de</strong></span> <span class='ocrx_word' id='word_1_57' title='bbox 1856 1033 1943 1065; x_wconf 89' lang='lat' dir='ltr'><strong>usu</strong></span> <span class='ocrx_word' id='word_1_58' title='bbox 1979 1017 2154 1068; x_wconf 89' lang='lat' dir='ltr'><strong>illarum</strong></span> <span class='ocrx_word' id='word_1_59' title='bbox 2190 1019 2488 1078; x_wconf 86' lang='lat' dir='ltr'><strong>formularum,</strong></span> 
     </span>
     <span class='ocr_line' id='line_1_9' title="bbox 308 1088 2490 1165; baseline 0 -18"><span class='ocrx_word' id='word_1_60' title='bbox 308 1096 587 1147; x_wconf 85' lang='lat' dir='ltr'><strong>Gernhardii</strong></span> <span class='ocrx_word' id='word_1_61' title='bbox 627 1094 688 1145; x_wconf 89' lang='lat' dir='ltr'><strong>ad</strong></span> <span class='ocrx_word' id='word_1_62' title='bbox 718 1095 822 1147; x_wconf 85' lang='lat' dir='ltr'><strong>Cic.</strong></span> <span class='ocrx_word' id='word_1_63' title='bbox 859 1096 920 1145; x_wconf 92' lang='lat' dir='ltr'><strong>de</strong></span> <span class='ocrx_word' id='word_1_64' title='bbox 958 1113 1057 1146; x_wconf 90' lang='lat' dir='ltr'><strong>sen.</strong></span> <span class='ocrx_word' id='word_1_65' title='bbox 1099 1096 1148 1158; x_wconf 88' lang='grc'><strong>9,</strong></span> <span class='ocrx_word' id='word_1_66' title='bbox 1185 1098 1252 1147; x_wconf 87' lang='grc'><strong>27</strong></span> <span class='ocrx_word' id='word_1_67' title='bbox 1286 1101 1567 1165; x_wconf 86' lang='lat' dir='ltr'><strong>potissimum</strong></span> <span class='ocrx_word' id='word_1_68' title='bbox 1602 1097 1924 1147; x_wconf 87' lang='lat' dir='ltr'><strong>etGoerenzii</strong></span> <span class='ocrx_word' id='word_1_69' title='bbox 1961 1097 2021 1146; x_wconf 89' lang='lat' dir='ltr'><strong>ad</strong></span> <span class='ocrx_word' id='word_1_70' title='bbox 2041 1088 2192 1149; x_wconf 85' lang='lat' dir='ltr'><strong>Acad.</strong></span> <span class='ocrx_word' id='word_1_71' title='bbox 2213 1101 2274 1161; x_wconf 87' lang='lat' dir='ltr'><strong>ll,</strong></span> <span class='ocrx_word' id='word_1_72' title='bbox 2308 1099 2388 1159; x_wconf 81' lang='lat'><strong>26,</strong></span> <span class='ocrx_word' id='word_1_73' title='bbox 2425 1097 2490 1148; x_wconf 84' lang='lat'><strong>82</strong></span> 
     </span>
     <span class='ocr_line' id='line_1_10' title="bbox 307 1175 2488 1244; baseline 0 -19"><span class='ocrx_word' id='word_1_74' title='bbox 307 1176 479 1244; x_wconf 88' lang='lat' dir='ltr'><strong>placita</strong></span> <span class='ocrx_word' id='word_1_75' title='bbox 526 1183 741 1236; x_wconf 87' lang='lat' dir='ltr'><strong>secutus,</strong></span> <span class='ocrx_word' id='word_1_76' title='bbox 800 1175 1051 1242; x_wconf 87' lang='lat' dir='ltr'><strong>disputavit</strong></span> <span class='ocrx_word' id='word_1_77' title='bbox 1094 1194 1252 1244; x_wconf 88' lang='lat' dir='ltr'><strong>parum</strong></span> <span class='ocrx_word' id='word_1_78' title='bbox 1295 1184 1525 1227; x_wconf 91' lang='lat' dir='ltr'><strong>accurate.</strong></span> <span class='ocrx_word' id='word_1_79' title='bbox 1620 1176 1784 1237; x_wconf 79' lang='lat' dir='ltr'><strong>Alios,</strong></span> <span class='ocrx_word' id='word_1_80' title='bbox 1832 1178 1906 1241; x_wconf 94' lang='lat' dir='ltr'><strong>qui</strong></span> <span class='ocrx_word' id='word_1_81' title='bbox 1953 1184 2112 1226; x_wconf 86' lang='lat' dir='ltr'><strong>nostra</strong></span> <span class='ocrx_word' id='word_1_82' title='bbox 2157 1184 2310 1228; x_wconf 86' lang='lat' dir='ltr'><strong>aetate</strong></span> <span class='ocrx_word' id='word_1_83' title='bbox 2366 1196 2444 1226; x_wconf 84' lang='lat' dir='ltr'><strong>uec</strong></span> <span class='ocrx_word' id='word_1_84' title='bbox 2463 1205 2488 1215; x_wconf 91' lang='lat'>-</span> 
     </span>
     <span class='ocr_line' id='line_1_11' title="bbox 307 1255 2488 1317; baseline 0 -13"><span class='ocrx_word' id='word_1_85' title='bbox 307 1260 480 1317; x_wconf 60' lang='lat' dir='ltr'><strong>«stadem</strong></span> <span class='ocrx_word' id='word_1_86' title='bbox 517 1255 754 1306; x_wconf 86' lang='lat' dir='ltr'><strong>vindicare</strong></span> <span class='ocrx_word' id='word_1_87' title='bbox 790 1255 1088 1316; x_wconf 89' lang='lat' dir='ltr'><strong>studuerunt,</strong></span> <span class='ocrx_word' id='word_1_88' title='bbox 1125 1265 1361 1307; x_wconf 90' lang='lat' dir='ltr'><strong>enumerat</strong></span> <span class='ocrx_word' id='word_1_89' title='bbox 1395 1258 1597 1307; x_wconf 85' lang='lat' dir='ltr'><strong>Hessius</strong></span> <span class='ocrx_word' id='word_1_90' title='bbox 1635 1257 1745 1305; x_wconf 82' lang='lat' dir='ltr'><strong>Var.</strong></span> <span class='ocrx_word' id='word_1_91' title='bbox 1781 1256 1890 1305; x_wconf 92' lang='lat' dir='ltr'><strong>lect.</strong></span> <span class='ocrx_word' id='word_1_92' title='bbox 1927 1258 1972 1303; x_wconf 90' lang='lat' dir='ltr'><strong>in</strong></span> <span class='ocrx_word' id='word_1_93' title='bbox 1993 1256 2109 1306; x_wconf 89' lang='lat' dir='ltr'><strong>Tac.</strong></span> <span class='ocrx_word' id='word_1_94' title='bbox 2139 1258 2292 1308; x_wconf 85' lang='lat' dir='ltr'><strong>Germ.</strong></span> <span class='ocrx_word' id='word_1_95' title='bbox 2319 1257 2488 1308; x_wconf 88' lang='lat' dir='ltr'><strong>Comm.</strong></span> 
     </span>
     <span class='ocr_line' id='line_1_12' title="bbox 307 1335 2490 1402; baseline 0 -18"><span class='ocrx_word' id='word_1_96' title='bbox 307 1335 403 1395; x_wconf 89' lang='lat'>111,</span> <span class='ocrx_word' id='word_1_97' title='bbox 440 1353 483 1402; x_wconf 93' lang='lat' dir='ltr'><strong>p.</strong></span> <span class='ocrx_word' id='word_1_98' title='bbox 513 1335 560 1384; x_wconf 88' lang='lat'><strong>9.</strong></span> <span class='ocrx_word' id='word_1_99' title='bbox 614 1335 802 1384; x_wconf 81' lang='lat' dir='ltr'><strong>Illorum</strong></span> <span class='ocrx_word' id='word_1_100' title='bbox 840 1340 991 1384; x_wconf 88' lang='lat' dir='ltr'><strong>autem</strong></span> <span class='ocrx_word' id='word_1_101' title='bbox 1014 1336 1228 1386; x_wconf 73' lang='lat' dir='ltr'><strong>‘virorum</strong></span> <span class='ocrx_word' id='word_1_102' title='bbox 1264 1337 1474 1387; x_wconf 86' lang='lat' dir='ltr'><strong>doctrina</strong></span> <span class='ocrx_word' id='word_1_103' title='bbox 1509 1353 1568 1386; x_wconf 93' lang='lat' dir='ltr'><strong>eo</strong></span> <span class='ocrx_word' id='word_1_104' title='bbox 1605 1336 1704 1386; x_wconf 88' lang='lat' dir='ltr'><strong>fere</strong></span> <span class='ocrx_word' id='word_1_105' title='bbox 1726 1336 1878 1386; x_wconf 87' lang='lat' dir='ltr'><strong>redire</strong></span> <span class='ocrx_word' id='word_1_106' title='bbox 1897 1335 2102 1396; x_wconf 88' lang='lat' dir='ltr'><strong>videtur,</strong></span> <span class='ocrx_word' id='word_1_107' title='bbox 2142 1343 2189 1386; x_wconf 89' lang='lat' dir='ltr'><strong>ut</strong></span> <span class='ocrx_word' id='word_1_108' title='bbox 2225 1340 2268 1386; x_wconf 92' lang='lat' dir='ltr'><strong>in</strong></span> <span class='ocrx_word' id='word_1_109' title='bbox 2303 1337 2490 1387; x_wconf 86' lang='lat' dir='ltr'><strong>formula</strong></span> 
     </span>
     <span class='ocr_line' id='line_1_13' title="bbox 307 1414 2490 1482; baseline 0 -18"><span class='ocrx_word' id='word_1_110' title='bbox 307 1433 389 1464; x_wconf 84' lang='lat' dir='ltr'><strong>nec</strong></span> <span class='ocrx_word' id='word_1_111' title='bbox 407 1443 432 1453; x_wconf 92' lang='lat'>-</span> <span class='ocrx_word' id='word_1_112' title='bbox 452 1419 624 1477; x_wconf 80' lang='lat' dir='ltr'><strong>quidem</strong></span> <span class='ocrx_word' id='word_1_113' title='bbox 658 1432 794 1465; x_wconf 91' lang='lat' dir='ltr'><strong>unum</strong></span> <span class='ocrx_word' id='word_1_114' title='bbox 831 1414 1046 1480; x_wconf 86' lang='lat' dir='ltr'><strong>quodque</strong></span> <span class='ocrx_word' id='word_1_115' title='bbox 1082 1419 1182 1466; x_wconf 90' lang='lat' dir='ltr'><strong>eius</strong></span> <span class='ocrx_word' id='word_1_116' title='bbox 1219 1416 1458 1467; x_wconf 87' lang='lat' dir='ltr'><strong>membrum</strong></span> <span class='ocrx_word' id='word_1_117' title='bbox 1494 1416 1777 1466; x_wconf 83' lang='lat' dir='ltr'><strong>contendant</strong></span> <span class='ocrx_word' id='word_1_118' title='bbox 1813 1417 2008 1464; x_wconf 78' lang='lat' dir='ltr'><strong>seorsim</strong></span> <span class='ocrx_word' id='word_1_119' title='bbox 2049 1415 2348 1482; x_wconf 89' lang='lat' dir='ltr'><strong>spectandum</strong></span> <span class='ocrx_word' id='word_1_120' title='bbox 2382 1432 2490 1466; x_wconf 90' lang='lat' dir='ltr'><strong>esse</strong></span> 
     </span>
     <span class='ocr_line' id='line_1_14' title="bbox 308 1493 2492 1562; baseline -0 -18"><span class='ocrx_word' id='word_1_121' title='bbox 308 1497 631 1562; x_wconf 86' lang='lat' dir='ltr'><strong>propriumque</strong></span> <span class='ocrx_word' id='word_1_122' title='bbox 666 1495 751 1544; x_wconf 89' lang='lat' dir='ltr'><strong>sibi</strong></span> <span class='ocrx_word' id='word_1_123' title='bbox 806 1511 992 1544; x_wconf 87' lang='lat' dir='ltr'><strong>sensum</strong></span> <span class='ocrx_word' id='word_1_124' title='bbox 1038 1495 1303 1557; x_wconf 86' lang='lat' dir='ltr'><strong>vindicare,</strong></span> <span class='ocrx_word' id='word_1_125' title='bbox 1351 1512 1441 1561; x_wconf 93' lang='lat' dir='ltr'><strong>quo</strong></span> <span class='ocrx_word' id='word_1_126' title='bbox 1487 1513 1530 1546; x_wconf 93' lang='lat' dir='ltr'><strong>v.</strong></span> <span class='ocrx_word' id='word_1_127' title='bbox 1567 1511 1608 1545; x_wconf 91' lang='lat' dir='ltr'><strong>c.</strong></span> <span class='ocrx_word' id='word_1_128' title='bbox 1656 1495 1913 1545; x_wconf 85' lang='lat' dir='ltr'><strong>Goerenzii</strong></span> <span class='ocrx_word' id='word_1_129' title='bbox 1956 1493 2018 1543; x_wconf 90' lang='lat' dir='ltr'><strong>de</strong></span> <span class='ocrx_word' id='word_1_130' title='bbox 2062 1498 2290 1545; x_wconf 89' lang='lat' dir='ltr'><strong>sententia</strong></span> <span class='ocrx_word' id='word_1_131' title='bbox 2324 1499 2492 1557; x_wconf 66' lang='lat' dir='ltr'><strong>quadem</strong></span> 
     </span>
     <span class='ocr_line' id='line_1_15' title="bbox 309 1572 2491 1642; baseline -0.001 -17"><span class='ocrx_word' id='word_1_132' title='bbox 309 1574 488 1626; x_wconf 87' lang='lat' dir='ltr'><strong>dicatur</strong></span> <span class='ocrx_word' id='word_1_133' title='bbox 523 1574 787 1640; x_wconf 82' lang='lat' dir='ltr'><strong>significare</strong></span> <span class='ocrx_word' id='word_1_134' title='bbox 821 1592 940 1623; x_wconf 62' lang='lat' dir='ltr'><strong>smne.</strong></span> <span class='ocrx_word' id='word_1_135' title='bbox 1013 1574 1188 1635; x_wconf 86' lang='lat' dir='ltr'><strong>Quibus</strong></span> <span class='ocrx_word' id='word_1_136' title='bbox 1242 1591 1334 1641; x_wconf 86' lang='lat' dir='ltr'><strong>ego</strong></span> <span class='ocrx_word' id='word_1_137' title='bbox 1386 1575 1448 1624; x_wconf 90' lang='lat' dir='ltr'><strong>nil</strong></span> <span class='ocrx_word' id='word_1_138' title='bbox 1502 1575 1643 1626; x_wconf 92' lang='lat' dir='ltr'><strong>video</strong></span> <span class='ocrx_word' id='word_1_139' title='bbox 1695 1575 1848 1624; x_wconf 85' lang='lat' dir='ltr'><strong>afferri</strong></span> <span class='ocrx_word' id='word_1_140' title='bbox 1901 1572 2025 1638; x_wconf 89' lang='lat' dir='ltr'><strong>quod</strong></span> <span class='ocrx_word' id='word_1_141' title='bbox 2078 1573 2138 1623; x_wconf 90' lang='lat' dir='ltr'><strong>ad</strong></span> <span class='ocrx_word' id='word_1_142' title='bbox 2174 1574 2491 1642; x_wconf 84' lang='lat' dir='ltr'><strong>explicandum</strong></span> 
     </span>
     <span class='ocr_line' id='line_1_16' title="bbox 310 1654 2491 1722; baseline -0.001 -17"><span class='ocrx_word' id='word_1_143' title='bbox 310 1655 555 1705; x_wconf 83' lang='lat' dir='ltr'><strong>discrimen</strong></span> <span class='ocrx_word' id='word_1_144' title='bbox 591 1654 815 1705; x_wconf 78' lang='lat' dir='ltr'><strong>formulae</strong></span> <span class='ocrx_word' id='word_1_145' title='bbox 850 1657 1085 1719; x_wconf 86' lang='lat' dir='ltr'><strong>utriusque</strong></span> <span class='ocrx_word' id='word_1_146' title='bbox 1140 1672 1419 1722; x_wconf 82' lang='lat' dir='ltr'><strong>magnopere</strong></span> <span class='ocrx_word' id='word_1_147' title='bbox 1471 1656 1631 1716; x_wconf 85' lang='lat' dir='ltr'><strong>faciat,</strong></span> <span class='ocrx_word' id='word_1_148' title='bbox 1684 1672 1817 1719; x_wconf 89' lang='lat' dir='ltr'><strong>quum</strong></span> <span class='ocrx_word' id='word_1_149' title='bbox 1870 1656 1909 1703; x_wconf 90' lang='lat' dir='ltr'><strong>si</strong></span> <span class='ocrx_word' id='word_1_150' title='bbox 1966 1669 2065 1703; x_wconf 88' lang='lat' dir='ltr'><strong>eam</strong></span> <span class='ocrx_word' id='word_1_151' title='bbox 2116 1654 2491 1719; x_wconf 88' lang='lat' dir='ltr'><strong>significationem</strong></span> 
     </span>
     <span class='ocr_line' id='line_1_17' title="bbox 312 1732 2491 1801; baseline -0.001 -18"><span class='ocrx_word' id='word_1_152' title='bbox 312 1734 458 1785; x_wconf 89' lang='lat' dir='ltr'><strong>semel</strong></span> <span class='ocrx_word' id='word_1_153' title='bbox 492 1733 755 1786; x_wconf 83' lang='lat' dir='ltr'><strong>admiseris.</strong></span> <span class='ocrx_word' id='word_1_154' title='bbox 790 1736 834 1782; x_wconf 92' lang='lat' dir='ltr'><strong>in</strong></span> <span class='ocrx_word' id='word_1_155' title='bbox 871 1741 1062 1801; x_wconf 87' lang='lat' dir='ltr'><strong>utraque</strong></span> <span class='ocrx_word' id='word_1_156' title='bbox 1098 1751 1199 1785; x_wconf 86' lang='lat' dir='ltr'><strong>eam</strong></span> <span class='ocrx_word' id='word_1_157' title='bbox 1234 1735 1383 1785; x_wconf 89' lang='lat' dir='ltr'><strong>locum</strong></span> <span class='ocrx_word' id='word_1_158' title='bbox 1418 1736 1636 1784; x_wconf 86' lang='lat' dir='ltr'><strong>habuisse</strong></span> <span class='ocrx_word' id='word_1_159' title='bbox 1674 1737 1944 1784; x_wconf 87' lang='lat' dir='ltr'><strong>necessario</strong></span> <span class='ocrx_word' id='word_1_160' title='bbox 1979 1739 2176 1782; x_wconf 86' lang='lat' dir='ltr'><strong>statuas:</strong></span> <span class='ocrx_word' id='word_1_161' title='bbox 2230 1732 2352 1799; x_wconf 91' lang='lat' dir='ltr'><strong>quod</strong></span> <span class='ocrx_word' id='word_1_162' title='bbox 2384 1732 2491 1782; x_wconf 90' lang='lat' dir='ltr'><strong>ideo</strong></span> 
     </span>
     <span class='ocr_line' id='line_1_18' title="bbox 310 1813 2491 1882; baseline -0.001 -19"><span class='ocrx_word' id='word_1_163' title='bbox 310 1815 409 1863; x_wconf 84' lang='lat' dir='ltr'><strong>fieri</strong></span> <span class='ocrx_word' id='word_1_164' title='bbox 444 1830 536 1864; x_wconf 89' lang='lat' dir='ltr'><strong>non</strong></span> <span class='ocrx_word' id='word_1_165' title='bbox 571 1821 754 1881; x_wconf 87' lang='lat' dir='ltr'><strong>potest,</strong></span> <span class='ocrx_word' id='word_1_166' title='bbox 800 1813 924 1879; x_wconf 92' lang='lat' dir='ltr'><strong>quod</strong></span> <span class='ocrx_word' id='word_1_167' title='bbox 959 1817 999 1863; x_wconf 90' lang='lat' dir='ltr'><strong>si</strong></span> <span class='ocrx_word' id='word_1_168' title='bbox 1033 1817 1077 1864; x_wconf 87' lang='lat' dir='ltr'><strong>in</strong></span> <span class='ocrx_word' id='word_1_169' title='bbox 1116 1834 1200 1865; x_wconf 81' lang='lat' dir='ltr'><strong>nec</strong></span> <span class='ocrx_word' id='word_1_170' title='bbox 1219 1844 1244 1854; x_wconf 93' lang='lat'><em>-</em></span> <span class='ocrx_word' id='word_1_171' title='bbox 1264 1819 1433 1878; x_wconf 80' lang='lat' dir='ltr'><strong>quidem</strong></span> <span class='ocrx_word' id='word_1_172' title='bbox 1467 1817 1699 1882; x_wconf 84' lang='lat' dir='ltr'><strong>posterior</strong></span> <span class='ocrx_word' id='word_1_173' title='bbox 1734 1831 1835 1864; x_wconf 86' lang='lat' dir='ltr'><strong>vox</strong></span> <span class='ocrx_word' id='word_1_174' title='bbox 1869 1815 2065 1864; x_wconf 87' lang='lat' dir='ltr'><strong>seorsim</strong></span> <span class='ocrx_word' id='word_1_175' title='bbox 2098 1813 2291 1878; x_wconf 85' lang='lat' dir='ltr'><strong>intelligi</strong></span> <span class='ocrx_word' id='word_1_176' title='bbox 2324 1818 2491 1880; x_wconf 89' lang='lat' dir='ltr'><strong>potest,</strong></span> 
     </span>
     <span class='ocr_line' id='line_1_19' title="bbox 311 1893 2491 1961; baseline -0.001 -18"><span class='ocrx_word' id='word_1_177' title='bbox 311 1894 358 1943; x_wconf 89' lang='lat' dir='ltr'><strong>id</strong></span> <span class='ocrx_word' id='word_1_178' title='bbox 394 1897 438 1942; x_wconf 91' lang='lat' dir='ltr'><strong>in</strong></span> <span class='ocrx_word' id='word_1_179' title='bbox 472 1898 763 1955; x_wconf 70' lang='lat' dir='ltr'><strong>rte-quidem</strong></span> <span class='ocrx_word' id='word_1_180' title='bbox 798 1910 899 1943; x_wconf 86' lang='lat' dir='ltr'><strong>eam</strong></span> <span class='ocrx_word' id='word_1_181' title='bbox 934 1895 993 1944; x_wconf 89' lang='lat' dir='ltr'><strong>ob</strong></span> <span class='ocrx_word' id='word_1_182' title='bbox 1031 1911 1244 1945; x_wconf 82' lang='lat' dir='ltr'><strong>caussam</strong></span> <span class='ocrx_word' id='word_1_183' title='bbox 1279 1896 1447 1944; x_wconf 86' lang='lat' dir='ltr'><strong>admitti</strong></span> <span class='ocrx_word' id='word_1_184' title='bbox 1493 1912 1586 1945; x_wconf 89' lang='lat' dir='ltr'><strong>non</strong></span> <span class='ocrx_word' id='word_1_185' title='bbox 1632 1902 1811 1961; x_wconf 87' lang='lat' dir='ltr'><strong>potest,</strong></span> <span class='ocrx_word' id='word_1_186' title='bbox 1865 1897 1970 1959; x_wconf 86' lang='lat' dir='ltr'><strong>quia</strong></span> <span class='ocrx_word' id='word_1_187' title='bbox 2003 1912 2058 1942; x_wconf 85' lang='lat' dir='ltr'><strong>ne</strong></span> <span class='ocrx_word' id='word_1_188' title='bbox 2092 1909 2177 1960; x_wconf 81' lang='lat' dir='ltr'><strong>pro</strong></span> <span class='ocrx_word' id='word_1_189' title='bbox 2211 1893 2491 1941; x_wconf 80' lang='lat' dir='ltr'><strong>nonLatine</strong></span> 
     </span>
     <span class='ocr_line' id='line_1_20' title="bbox 312 1972 2493 2039; baseline -0.001 -17"><span class='ocrx_word' id='word_1_190' title='bbox 312 1990 404 2023; x_wconf 90' lang='lat' dir='ltr'><strong>non</strong></span> <span class='ocrx_word' id='word_1_191' title='bbox 442 1973 620 2022; x_wconf 89' lang='lat' dir='ltr'><strong>dicitnr.</strong></span> <span class='ocrx_word' id='word_1_192' title='bbox 690 1973 795 2033; x_wconf 85' lang='lat' dir='ltr'><strong>Qua</strong></span> <span class='ocrx_word' id='word_1_193' title='bbox 829 1972 890 2022; x_wconf 92' lang='lat' dir='ltr'><strong>de</strong></span> <span class='ocrx_word' id='word_1_194' title='bbox 927 1989 979 2024; x_wconf 88' lang='lat' dir='ltr'><strong>re</strong></span> <span class='ocrx_word' id='word_1_195' title='bbox 1015 1977 1091 2039; x_wconf 92' lang='lat' dir='ltr'><strong>qui</strong></span> <span class='ocrx_word' id='word_1_196' title='bbox 1126 1983 1269 2024; x_wconf 92' lang='lat' dir='ltr'><strong>totum</strong></span> <span class='ocrx_word' id='word_1_197' title='bbox 1304 1975 1426 2024; x_wconf 92' lang='lat' dir='ltr'><strong>hunc</strong></span> <span class='ocrx_word' id='word_1_198' title='bbox 1463 1975 1614 2024; x_wconf 91' lang='lat' dir='ltr'><strong>locum</strong></span> <span class='ocrx_word' id='word_1_199' title='bbox 1638 1974 1862 2023; x_wconf 76' lang='lat' dir='ltr'><strong>subtiliter</strong></span> <span class='ocrx_word' id='word_1_200' title='bbox 1898 1976 2138 2033; x_wconf 86' lang='lat' dir='ltr'><strong>tractavit,</strong></span> <span class='ocrx_word' id='word_1_201' title='bbox 2174 1972 2293 2021; x_wconf 91' lang='lat' dir='ltr'><strong>bene</strong></span> <span class='ocrx_word' id='word_1_202' title='bbox 2327 1974 2493 2021; x_wconf 91' lang='lat' dir='ltr'><strong>monuit</strong></span> 
     </span>
     <span class='ocr_line' id='line_1_21' title="bbox 312 2044 2493 2124; baseline -0.003 -20"><span class='ocrx_word' id='word_1_203' title='bbox 312 2053 583 2120; x_wconf 83' lang='lat' dir='ltr'><strong>Madvigius</strong></span> <span class='ocrx_word' id='word_1_204' title='bbox 618 2053 741 2103; x_wconf 78' lang='lat' dir='ltr'><strong>Exc.</strong></span> <span class='ocrx_word' id='word_1_205' title='bbox 776 2054 860 2103; x_wconf 89' lang='lat'><strong>111.</strong></span> <span class='ocrx_word' id='word_1_206' title='bbox 895 2053 955 2103; x_wconf 84' lang='lat' dir='ltr'><strong>ad</strong></span> <span class='ocrx_word' id='word_1_207' title='bbox 991 2052 1093 2106; x_wconf 84' lang='lat' dir='ltr'><strong>Cic.</strong></span> <span class='ocrx_word' id='word_1_208' title='bbox 1135 2056 1237 2106; x_wconf 77' lang='lat' dir='ltr'><strong>Fin.</strong></span> <span class='ocrx_word' id='word_1_209' title='bbox 1271 2074 1313 2124; x_wconf 89' lang='lat' dir='ltr'><strong>p.</strong></span> <span class='ocrx_word' id='word_1_210' title='bbox 1349 2053 1462 2104; x_wconf 82' lang='lat'><strong>827.</strong></span> <span class='ocrx_word' id='word_1_211' title='bbox 1531 2055 1672 2105; x_wconf 87' lang='lat' dir='ltr'><strong>Immo</strong></span> <span class='ocrx_word' id='word_1_212' title='bbox 1717 2044 1852 2120; x_wconf 88' lang='lat' dir='ltr'><strong>quum</strong></span> <span class='ocrx_word' id='word_1_213' title='bbox 1895 2057 1968 2105; x_wconf 89' lang='lat' dir='ltr'><strong>vis</strong></span> <span class='ocrx_word' id='word_1_214' title='bbox 2002 2054 2244 2119; x_wconf 85' lang='lat' dir='ltr'><strong>negativa,</strong></span> <span class='ocrx_word' id='word_1_215' title='bbox 2299 2066 2415 2116; x_wconf 87' lang='lat' dir='ltr'><strong>quae</strong></span> <span class='ocrx_word' id='word_1_216' title='bbox 2448 2051 2493 2098; x_wconf 91' lang='lat' dir='ltr'><strong>in</strong></span> 
     </span>
     <span class='ocr_line' id='line_1_22' title="bbox 312 2131 2492 2201; baseline -0.002 -18"><span class='ocrx_word' id='word_1_217' title='bbox 312 2143 505 2201; x_wconf 80' lang='lat' dir='ltr'><strong>utraque</strong></span> <span class='ocrx_word' id='word_1_218' title='bbox 540 2134 734 2184; x_wconf 85' lang='lat' dir='ltr'><strong>formula</strong></span> <span class='ocrx_word' id='word_1_219' title='bbox 769 2135 914 2195; x_wconf 86' lang='lat' dir='ltr'><strong>inest,</strong></span> <span class='ocrx_word' id='word_1_220' title='bbox 965 2134 1021 2184; x_wconf 87' lang='lat' dir='ltr'><strong>ab</strong></span> <span class='ocrx_word' id='word_1_221' title='bbox 1057 2135 1207 2186; x_wconf 84' lang='lat' dir='ltr'><strong>altero</strong></span> <span class='ocrx_word' id='word_1_222' title='bbox 1243 2136 1439 2186; x_wconf 88' lang='lat' dir='ltr'><strong>membro</strong></span> <span class='ocrx_word' id='word_1_223' title='bbox 1475 2139 1646 2198; x_wconf 81' lang='lat' dir='ltr'><strong>quidem</strong></span> <span class='ocrx_word' id='word_1_224' title='bbox 1675 2137 1857 2201; x_wconf 88' lang='lat' dir='ltr'><strong>seiungi</strong></span> <span class='ocrx_word' id='word_1_225' title='bbox 1892 2141 2112 2201; x_wconf 88' lang='lat' dir='ltr'><strong>nequeat,</strong></span> <span class='ocrx_word' id='word_1_226' title='bbox 2159 2147 2295 2183; x_wconf 91' lang='lat' dir='ltr'><strong>omne</strong></span> <span class='ocrx_word' id='word_1_227' title='bbox 2327 2131 2492 2180; x_wconf 82' lang='lat' dir='ltr'><strong>discri-</strong></span> 
     </span>
     <span class='ocr_line' id='line_1_23' title="bbox 313 2212 2494 2282; baseline -0.002 -18"><span class='ocrx_word' id='word_1_228' title='bbox 313 2231 416 2264; x_wconf 90' lang='lat' dir='ltr'><strong>men</strong></span> <span class='ocrx_word' id='word_1_229' title='bbox 452 2231 481 2263; x_wconf 84' lang='lat' dir='ltr'><strong>a</strong></span> <span class='ocrx_word' id='word_1_230' title='bbox 515 2215 707 2264; x_wconf 86' lang='lat' dir='ltr'><strong>diversa</strong></span> <span class='ocrx_word' id='word_1_231' title='bbox 743 2215 1063 2280; x_wconf 84' lang='lat' dir='ltr'><strong>particularum</strong></span> <span class='ocrx_word' id='word_1_232' title='bbox 1117 2219 1433 2281; x_wconf 88' lang='lat' dir='ltr'><strong>negativarum</strong></span> <span class='ocrx_word' id='word_1_233' title='bbox 1486 2218 1663 2266; x_wconf 84' lang='lat' dir='ltr'><strong>ratione</strong></span> <span class='ocrx_word' id='word_1_234' title='bbox 1717 2215 2014 2282; x_wconf 90' lang='lat' dir='ltr'><strong>repetendum</strong></span> <span class='ocrx_word' id='word_1_235' title='bbox 2052 2212 2260 2272; x_wconf 89' lang='lat' dir='ltr'><strong>videtur,</strong></span> <span class='ocrx_word' id='word_1_236' title='bbox 2312 2227 2494 2276; x_wconf 85' lang='lat' dir='ltr'><strong>quarum</strong></span> 
     </span>
     <span class='ocr_line' id='line_1_24' title="bbox 317 2289 2494 2363; baseline -0 -21"><span class='ocrx_word' id='word_1_237' title='bbox 317 2312 450 2358; x_wconf 86' lang='lat' dir='ltr'><strong>quum</strong></span> <span class='ocrx_word' id='word_1_238' title='bbox 485 2295 565 2343; x_wconf 85' lang='lat' dir='ltr'><strong>illa</strong></span> <span class='ocrx_word' id='word_1_239' title='bbox 601 2296 852 2348; x_wconf 71' lang='grc' dir='ltr'><strong>ἀσυνθέτους</strong></span> <span class='ocrx_word' id='word_1_240' title='bbox 886 2302 1107 2361; x_wconf 86' lang='lat' dir='ltr'><strong>ponatur,</strong></span> <span class='ocrx_word' id='word_1_241' title='bbox 1142 2296 1262 2346; x_wconf 83' lang='lat' dir='ltr'><strong>haec</strong></span> <span class='ocrx_word' id='word_1_242' title='bbox 1296 2313 1411 2346; x_wconf 88' lang='lat' dir='ltr'><strong>vero</strong></span> <span class='ocrx_word' id='word_1_243' title='bbox 1448 2299 1539 2346; x_wconf 87' lang='lat' dir='ltr'><strong>vim</strong></span> <span class='ocrx_word' id='word_1_244' title='bbox 1576 2297 1886 2363; x_wconf 80' lang='lat' dir='ltr'><strong>copulativam</strong></span> <span class='ocrx_word' id='word_1_245' title='bbox 1920 2311 2156 2359; x_wconf 85' lang='lat' dir='ltr'><strong>numquam</strong></span> <span class='ocrx_word' id='word_1_246' title='bbox 2190 2308 2282 2341; x_wconf 90' lang='lat' dir='ltr'><strong>non</strong></span> <span class='ocrx_word' id='word_1_247' title='bbox 2318 2289 2494 2350; x_wconf 77' lang='lat' dir='ltr'><strong>habeat,</strong></span> 
     </span>
     <span class='ocr_line' id='line_1_25' title="bbox 318 2369 2495 2443; baseline -0.001 -22"><span class='ocrx_word' id='word_1_248' title='bbox 318 2377 524 2438; x_wconf 85' lang='lat' dir='ltr'><strong>sequitur</strong></span> <span class='ocrx_word' id='word_1_249' title='bbox 558 2383 608 2423; x_wconf 92' lang='lat' dir='ltr'><strong>ut</strong></span> <span class='ocrx_word' id='word_1_250' title='bbox 641 2392 766 2423; x_wconf 81' lang='lat' dir='ltr'><strong>nec-</strong></span> <span class='ocrx_word' id='word_1_251' title='bbox 785 2379 957 2436; x_wconf 65' lang='lat' dir='ltr'><strong>widem</strong></span> <span class='ocrx_word' id='word_1_252' title='bbox 1002 2393 1087 2443; x_wconf 93' lang='lat' dir='ltr'><strong>pro</strong></span> <span class='ocrx_word' id='word_1_253' title='bbox 1132 2394 1231 2423; x_wconf 81' lang='lat' dir='ltr'><strong>ne-</strong></span> <span class='ocrx_word' id='word_1_254' title='bbox 1251 2380 1420 2438; x_wconf 80' lang='lat' dir='ltr'><strong>quidem</strong></span> <span class='ocrx_word' id='word_1_255' title='bbox 1455 2383 1546 2425; x_wconf 90' lang='lat' dir='ltr'><strong>tum</strong></span> <span class='ocrx_word' id='word_1_256' title='bbox 1581 2375 1729 2425; x_wconf 89' lang='lat' dir='ltr'><strong>solnm</strong></span> <span class='ocrx_word' id='word_1_257' title='bbox 1761 2374 1854 2424; x_wconf 91' lang='lat' dir='ltr'><strong>dici</strong></span> <span class='ocrx_word' id='word_1_258' title='bbox 1888 2376 2061 2441; x_wconf 88' lang='lat' dir='ltr'><strong>possit,</strong></span> <span class='ocrx_word' id='word_1_259' title='bbox 2117 2388 2251 2437; x_wconf 88' lang='lat' dir='ltr'><strong>quum</strong></span> <span class='ocrx_word' id='word_1_260' title='bbox 2285 2369 2343 2419; x_wconf 89' lang='lat' dir='ltr'><strong>ad</strong></span> <span class='ocrx_word' id='word_1_261' title='bbox 2377 2370 2495 2419; x_wconf 87' lang='lat' dir='ltr'><strong>hanc</strong></span> 
     </span>
     <span class='ocr_line' id='line_1_26' title="bbox 317 2449 2497 2523; baseline -0.002 -21"><span class='ocrx_word' id='word_1_262' title='bbox 317 2453 503 2502; x_wconf 89' lang='lat' dir='ltr'><strong>dicendi</strong></span> <span class='ocrx_word' id='word_1_263' title='bbox 559 2455 743 2504; x_wconf 83' lang='lat' dir='ltr'><strong>formam</strong></span> <span class='ocrx_word' id='word_1_264' title='bbox 798 2457 871 2504; x_wconf 89' lang='lat' dir='ltr'><strong>vis</strong></span> <span class='ocrx_word' id='word_1_265' title='bbox 925 2456 1193 2523; x_wconf 84' lang='lat' dir='ltr'><strong>copulativa</strong></span> <span class='ocrx_word' id='word_1_266' title='bbox 1245 2456 1451 2505; x_wconf 80' lang='lat' dir='ltr'><strong>accedat.</strong></span> <span class='ocrx_word' id='word_1_267' title='bbox 1539 2455 1672 2515; x_wconf 87' lang='lat' dir='ltr'><strong>Quae</strong></span> <span class='ocrx_word' id='word_1_268' title='bbox 1715 2455 1853 2522; x_wconf 81' lang='lat' dir='ltr'><strong>plane</strong></span> <span class='ocrx_word' id='word_1_269' title='bbox 1896 2454 1957 2504; x_wconf 83' lang='lat' dir='ltr'><strong>ad</strong></span> <span class='ocrx_word' id='word_1_270' title='bbox 1992 2451 2112 2502; x_wconf 90' lang='lat' dir='ltr'><strong>idem</strong></span> <span class='ocrx_word' id='word_1_271' title='bbox 2147 2449 2341 2500; x_wconf 90' lang='lat' dir='ltr'><strong>redeunt</strong></span> <span class='ocrx_word' id='word_1_272' title='bbox 2373 2449 2497 2514; x_wconf 89' lang='lat' dir='ltr'><strong>quod</strong></span> 
     </span>
     <span class='ocr_line' id='line_1_27' title="bbox 317 2528 2495 2601; baseline -0.001 -20"><span class='ocrx_word' id='word_1_273' title='bbox 317 2533 588 2598; x_wconf 80' lang='lat' dir='ltr'><strong>Madvigius</strong></span> <span class='ocrx_word' id='word_1_274' title='bbox 623 2534 980 2583; x_wconf 86' lang='lat' dir='ltr'><strong>demonstratum</strong></span> <span class='ocrx_word' id='word_1_275' title='bbox 1026 2538 1131 2595; x_wconf 90' lang='lat' dir='ltr'><strong>ivit,</strong></span> <span class='ocrx_word' id='word_1_276' title='bbox 1176 2553 1300 2583; x_wconf 81' lang='lat' dir='ltr'><strong>nec·</strong></span> <span class='ocrx_word' id='word_1_277' title='bbox 1320 2541 1488 2597; x_wconf 79' lang='lat' dir='ltr'><strong>quidem</strong></span> <span class='ocrx_word' id='word_1_278' title='bbox 1539 2535 1805 2601; x_wconf 91' lang='lat' dir='ltr'><strong>simpliciter</strong></span> <span class='ocrx_word' id='word_1_279' title='bbox 1840 2552 1924 2601; x_wconf 70' lang='lat' dir='ltr'><strong>pito</strong></span> <span class='ocrx_word' id='word_1_280' title='bbox 1958 2534 2246 2592; x_wconf 67' lang='lat' dir='ltr'><strong>vae-quidem</strong></span> <span class='ocrx_word' id='word_1_281' title='bbox 2280 2528 2369 2578; x_wconf 89' lang='lat' dir='ltr'><strong>dici</strong></span> <span class='ocrx_word' id='word_1_282' title='bbox 2405 2545 2495 2578; x_wconf 93' lang='lat' dir='ltr'><strong>non</strong></span> 
     </span>
     <span class='ocr_line' id='line_1_28' title="bbox 317 2607 2495 2682; baseline -0.002 -21"><span class='ocrx_word' id='word_1_283' title='bbox 317 2628 461 2679; x_wconf 89' lang='lat' dir='ltr'><strong>posse</strong></span> <span class='ocrx_word' id='word_1_284' title='bbox 485 2614 552 2674; x_wconf 83' lang='lat'><strong>⁸):</strong></span> <span class='ocrx_word' id='word_1_285' title='bbox 590 2614 716 2679; x_wconf 85' lang='lat' dir='ltr'><strong>quod</strong></span> <span class='ocrx_word' id='word_1_286' title='bbox 754 2618 793 2662; x_wconf 87' lang='lat' dir='ltr'><strong>si</strong></span> <span class='ocrx_word' id='word_1_287' title='bbox 831 2622 981 2665; x_wconf 87' lang='lat' dir='ltr'><strong>tamen</strong></span> <span class='ocrx_word' id='word_1_288' title='bbox 1017 2618 1271 2682; x_wconf 84' lang='lat' dir='ltr'><strong>scriptores</strong></span> <span class='ocrx_word' id='word_1_289' title='bbox 1305 2617 1523 2680; x_wconf 81' lang='lat' dir='ltr'><strong>Augusto</strong></span> <span class='ocrx_word' id='word_1_290' title='bbox 1548 2617 1837 2665; x_wconf 88' lang='lat' dir='ltr'><strong>recentiores</strong></span> <span class='ocrx_word' id='word_1_291' title='bbox 1864 2613 1948 2662; x_wconf 83' lang='lat' dir='ltr'><strong>sibi</strong></span> <span class='ocrx_word' id='word_1_292' title='bbox 1985 2610 2233 2661; x_wconf 85' lang='lat' dir='ltr'><strong>indulsisse</strong></span> <span class='ocrx_word' id='word_1_293' title='bbox 2268 2607 2495 2668; x_wconf 86' lang='lat' dir='ltr'><strong>concedit,</strong></span> 
     </span>
     <span class='ocr_line' id='line_1_29' title="bbox 317 2689 2494 2759; baseline -0.001 -21"><span class='ocrx_word' id='word_1_294' title='bbox 317 2690 364 2738; x_wconf 87' lang='lat' dir='ltr'><strong>id</strong></span> <span class='ocrx_word' id='word_1_295' title='bbox 400 2694 440 2739; x_wconf 90' lang='lat' dir='ltr'><strong>si</strong></span> <span class='ocrx_word' id='word_1_296' title='bbox 477 2709 646 2741; x_wconf 86' lang='lat' dir='ltr'><strong>revera</strong></span> <span class='ocrx_word' id='word_1_297' title='bbox 682 2693 851 2742; x_wconf 78' lang='lat' dir='ltr'><strong>sactum</strong></span> <span class='ocrx_word' id='word_1_298' title='bbox 886 2700 983 2754; x_wconf 89' lang='lat' dir='ltr'><strong>est,</strong></span> <span class='ocrx_word' id='word_1_299' title='bbox 1036 2694 1161 2759; x_wconf 90' lang='lat' dir='ltr'><strong>quod</strong></span> <span class='ocrx_word' id='word_1_300' title='bbox 1197 2700 1243 2742; x_wconf 90' lang='lat' dir='ltr'><strong>ut</strong></span> <span class='ocrx_word' id='word_1_301' title='bbox 1278 2695 1461 2744; x_wconf 86' lang='lat' dir='ltr'><strong>credam</strong></span> <span class='ocrx_word' id='word_1_302' title='bbox 1502 2712 1594 2744; x_wconf 90' lang='lat' dir='ltr'><strong>non</strong></span> <span class='ocrx_word' id='word_1_303' title='bbox 1631 2693 1862 2752; x_wconf 85' lang='lat' dir='ltr'><strong>adducor,</strong></span> <span class='ocrx_word' id='word_1_304' title='bbox 1917 2693 2085 2741; x_wconf 84' lang='lat' dir='ltr'><strong>factum</strong></span> <span class='ocrx_word' id='word_1_305' title='bbox 2120 2694 2194 2737; x_wconf 84' lang='lat' dir='ltr'><strong>est</strong></span> <span class='ocrx_word' id='word_1_306' title='bbox 2228 2689 2339 2737; x_wconf 88' lang='lat' dir='ltr'><strong>vitio</strong></span> <span class='ocrx_word' id='word_1_307' title='bbox 2374 2690 2494 2737; x_wconf 86' lang='lat' dir='ltr'><strong>scri-</strong></span> 
     </span>
     <span class='ocr_line' id='line_1_30' title="bbox 316 2768 2495 2842; baseline -0.002 -23"><span class='ocrx_word' id='word_1_308' title='bbox 316 2778 521 2838; x_wconf 86' lang='lat' dir='ltr'><strong>ptorum,</strong></span> <span class='ocrx_word' id='word_1_309' title='bbox 559 2775 701 2822; x_wconf 83' lang='lat' dir='ltr'><strong>invita</strong></span> <span class='ocrx_word' id='word_1_310' title='bbox 736 2777 835 2841; x_wconf 84' lang='lat' dir='ltr'><strong>ipsa</strong></span> <span class='ocrx_word' id='word_1_311' title='bbox 870 2776 972 2825; x_wconf 91' lang='lat' dir='ltr'><strong>eius</strong></span> <span class='ocrx_word' id='word_1_312' title='bbox 1005 2774 1261 2842; x_wconf 82' lang='lat' dir='ltr'><strong>particulae</strong></span> <span class='ocrx_word' id='word_1_313' title='bbox 1293 2777 1586 2842; x_wconf 87' lang='lat' dir='ltr'><strong>proprietate.</strong></span> <span class='ocrx_word' id='word_1_314' title='bbox 1641 2774 1794 2823; x_wconf 88' lang='lat' dir='ltr'><strong>Huius</strong></span> <span class='ocrx_word' id='word_1_315' title='bbox 1829 2789 1945 2823; x_wconf 90' lang='lat' dir='ltr'><strong>vero</strong></span> <span class='ocrx_word' id='word_1_316' title='bbox 1981 2768 2276 2838; x_wconf 85' lang='lat' dir='ltr'><strong>copulativae</strong></span> <span class='ocrx_word' id='word_1_317' title='bbox 2310 2769 2495 2817; x_wconf 87' lang='lat' dir='ltr'><strong>rationis</strong></span> 
     </span>
     <span class='ocr_line' id='line_1_31' title="bbox 317 2848 2496 2922; baseline -0.001 -23"><span class='ocrx_word' id='word_1_318' title='bbox 317 2850 493 2918; x_wconf 89' lang='lat' dir='ltr'><strong>duplex</strong></span> <span class='ocrx_word' id='word_1_319' title='bbox 528 2868 679 2917; x_wconf 87' lang='lat' dir='ltr'><strong>genus</strong></span> <span class='ocrx_word' id='word_1_320' title='bbox 710 2862 803 2914; x_wconf 85' lang='lat' dir='ltr'><strong>est,</strong></span> <span class='ocrx_word' id='word_1_321' title='bbox 839 2872 973 2920; x_wconf 87' lang='lat' dir='ltr'><strong>quum</strong></span> <span class='ocrx_word' id='word_1_322' title='bbox 993 2853 1165 2920; x_wconf 89' lang='lat' dir='ltr'><strong>aliquid</strong></span> <span class='ocrx_word' id='word_1_323' title='bbox 1184 2859 1263 2904; x_wconf 84' lang='lat' dir='ltr'><strong>aut</strong></span> <span class='ocrx_word' id='word_1_324' title='bbox 1283 2854 1668 2922; x_wconf 88' lang='lat' dir='ltr'><strong>praecedentibus</strong></span> <span class='ocrx_word' id='word_1_325' title='bbox 1688 2852 1988 2918; x_wconf 85' lang='lat' dir='ltr'><strong>adiungatur,</strong></span> <span class='ocrx_word' id='word_1_326' title='bbox 2025 2854 2103 2900; x_wconf 85' lang='lat' dir='ltr'><strong>aut</strong></span> <span class='ocrx_word' id='word_1_327' title='bbox 2137 2848 2296 2915; x_wconf 87' lang='lat' dir='ltr'><strong>specie</strong></span> <span class='ocrx_word' id='word_1_328' title='bbox 2331 2848 2496 2914; x_wconf 88' lang='lat' dir='ltr'><strong>prioris</strong></span> 
     </span>
     <span class='ocr_line' id='line_1_32' title="bbox 317 2927 2496 3003; baseline -0.002 -23"><span class='ocrx_word' id='word_1_329' title='bbox 317 2932 500 2981; x_wconf 89' lang='lat' dir='ltr'><strong>membri</strong></span> <span class='ocrx_word' id='word_1_330' title='bbox 536 2934 678 2985; x_wconf 88' lang='lat' dir='ltr'><strong>iuncti</strong></span> <span class='ocrx_word' id='word_1_331' title='bbox 721 2937 969 3001; x_wconf 87' lang='lat' dir='ltr'><strong>posteriori</strong></span> <span class='ocrx_word' id='word_1_332' title='bbox 1014 2942 1334 3003; x_wconf 81' lang='lat' dir='ltr'><strong>praeponatur.</strong></span> <span class='ocrx_word' id='word_1_333' title='bbox 1409 2936 1488 2985; x_wconf 83' lang='lat' dir='ltr'><strong>Ad</strong></span> <span class='ocrx_word' id='word_1_334' title='bbox 1532 2938 1732 3003; x_wconf 88' lang='lat' dir='ltr'><strong>priorem</strong></span> <span class='ocrx_word' id='word_1_335' title='bbox 1777 2951 1892 2983; x_wconf 91' lang='lat' dir='ltr'><strong>usus</strong></span> <span class='ocrx_word' id='word_1_336' title='bbox 1940 2933 2158 2982; x_wconf 86' lang='lat' dir='ltr'><strong>rationem</strong></span> <span class='ocrx_word' id='word_1_337' title='bbox 2202 2927 2434 2979; x_wconf 85' lang='lat' dir='ltr'><strong>Schelleri</strong></span> <span class='ocrx_word' id='word_1_338' title='bbox 2468 2944 2496 2976; x_wconf 89' lang='lat' dir='ltr'><strong>a</strong></span> 
     </span>
    </p>
   </div>
   <div class='ocr_carea' id='block_1_5' title="bbox 317 3098 2494 3207">
    <p class='ocr_par' dir='ltr' id='par_1_5' title="bbox 317 3098 2494 3207">
     <span class='ocr_line' id='line_1_33' title="bbox 363 3098 2494 3194; baseline -0.001 -58"><span class='ocrx_word' id='word_1_339' title='bbox 363 3103 411 3194; x_wconf 56' lang='lat'><strong>831</strong></span> <span class='ocrx_word' id='word_1_340' title='bbox 425 3101 604 3194; x_wconf 55' lang='lat' dir='ltr'><strong>Vitjlosum</strong></span> <span class='ocrx_word' id='word_1_341' title='bbox 630 3105 740 3150; x_wconf 80' lang='lat' dir='ltr'><strong>igitur</strong></span> <span class='ocrx_word' id='word_1_342' title='bbox 764 3106 859 3153; x_wconf 85' lang='lat' dir='ltr'><strong>quod</strong></span> <span class='ocrx_word' id='word_1_343' title='bbox 884 3117 938 3153; x_wconf 75' lang='lat' dir='ltr'><strong>ap.</strong></span> <span class='ocrx_word' id='word_1_344' title='bbox 966 3106 1041 3142; x_wconf 85' lang='lat' dir='ltr'><strong>Cic.</strong></span> <span class='ocrx_word' id='word_1_345' title='bbox 1073 3107 1117 3142; x_wconf 88' lang='lat' dir='ltr'><strong>de</strong></span> <span class='ocrx_word' id='word_1_346' title='bbox 1148 3118 1225 3154; x_wconf 85' lang='lat' dir='ltr'><strong>rep.</strong></span> <span class='ocrx_word' id='word_1_347' title='bbox 1252 3106 1319 3151; x_wconf 73' lang='lat' dir='ltr'><strong>Vl3</strong></span> <span class='ocrx_word' id='word_1_348' title='bbox 1343 3110 1387 3142; x_wconf 74' lang='lat'><strong>25</strong></span> <span class='ocrx_word' id='word_1_349' title='bbox 1411 3107 1572 3143; x_wconf 86' lang='lat' dir='ltr'><strong>nonnulli</strong></span> <span class='ocrx_word' id='word_1_350' title='bbox 1606 3106 1691 3143; x_wconf 86' lang='lat' dir='ltr'><strong>libri</strong></span> <span class='ocrx_word' id='word_1_351' title='bbox 1727 3103 1897 3141; x_wconf 82' lang='lat' dir='ltr'><strong>exhibent</strong></span> <span class='ocrx_word' id='word_1_352' title='bbox 1929 3101 2032 3152; x_wconf 81' lang='lat' dir='ltr'><strong>quod</strong></span> <span class='ocrx_word' id='word_1_353' title='bbox 2052 3109 2251 3147; x_wconf 77' lang='lat' dir='ltr'><strong>numquam</strong></span> <span class='ocrx_word' id='word_1_354' title='bbox 2275 3109 2338 3133; x_wconf 81' lang='lat' dir='ltr'><strong>nec</strong></span> <span class='ocrx_word' id='word_1_355' title='bbox 2361 3098 2494 3134; x_wconf 67' lang='lat' dir='ltr'><strong>moveri</strong></span> 
     </span>
     <span class='ocr_line' id='line_1_34' title="bbox 317 3161 626 3207; baseline 0.003 -12"><span class='ocrx_word' id='word_1_356' title='bbox 317 3171 380 3207; x_wconf 78' lang='lat' dir='ltr'><strong>qm</strong></span> <span class='ocrx_word' id='word_1_357' title='bbox 407 3172 463 3195; x_wconf 84' lang='lat' dir='ltr'><strong>em</strong></span> <span class='ocrx_word' id='word_1_358' title='bbox 509 3161 626 3196; x_wconf 72' lang='lat' dir='ltr'><strong>esinit.</strong></span> 
     </span>
    </p>
   </div>
  </div>
 </body>
</html>
