2799 3569
1196 118 1566 170 -23-

292 260 379 310 hac
414 259 680 316 occasione,
716 262 765 305 ut
791 255 854 305 de
887 254 980 305 alio
999 253 1262 315 Quintiliani
1286 255 1398 307 loco
1416 255 1578 316 dicam,
1612 270 1704 321 quo
1727 256 1888 308 eadem
1926 273 2046 319 vox,
2081 273 2214 323 quam
2250 261 2467 311 exsulare

290 342 529 400 iussimus,
564 328 778 402 scriptori
811 333 1050 386 reddenda
1083 333 1294 398 videtur,
1339 335 1486 398 XII„
1511 333 1601 395 10,
1644 334 1738 398 23,
1785 353 1876 402 quo
1912 336 2218 398 Quintilianus
2252 338 2349 389 falli
2384 355 2470 390 eos

291 419 707 474 demonstraturus,
753 416 829 480 qui
863 416 1053 465 Atticos
1095 423 1309 465 oratores
1344 417 1471 466 tenui
1505 421 1676 465 tantum
1708 430 1888 481 genere
1923 416 2108 467 dicendi
2142 426 2191 468 et
2227 418 2384 470 lucido
2421 427 2470 470 et

292 499 485 565 quadam
535 496 828 560 eloquentiae
879 493 1142 560 frugalitate
1180 501 1442 545 ‘contentos
1492 496 1638 546 fuisse
1689 493 1905 556 credant,
1966 505 2207 562 postquam
2258 506 2471 549 oratores

293 593 501 642 quosque
533 576 812 641 praecipuos
846 576 1130 622 enumeravit
1164 582 1303 638 atque
1329 575 1532 624 breviter
1551 590 1679 623 more
1706 590 1795 623 suo
1829 574 1892 623 de
1926 577 1982 623 iis
2016 575 2251 637 iudicavit,
2287 577 2470 626 tandem

291 658 353 707 ad
386 655 670 707 Aeschinem
704 659 843 717 atque
876 651 1261 712 Demosthenem,
1296 669 1469 703 summo
1502 661 1711 717 tanquam
1744 651 1934 718 fastigio
1969 653 2265 719 eloquentiae
2281 656 2471 706 Atticae

247 727 256 735 ¹
293 733 611 793 collocandos,
646 732 735 789 hisf
752 748 807 781 se
826 733 1080 782 convertit:
1119 734 1240 789 Quid
1260 735 1352 791 ille,
1386 737 1509 781 citius
1529 737 1656 781 modo
1684 736 1874 795 fecimus
1894 738 2168 793 mentionem,
2204 738 2470 784 Aeschines:

291 834 431 867 nome
464 818 532 864 his
568 816 699 862 latior
725 822 769 861 et
795 816 1040 873 audentior,
1075 822 1121 860 et
1152 815 1407 863 eoecelsior?
1461 815 1580 871 (1ωᾶ
1610 816 1790 875 datique
1807 816 2157 863 Demosthenes?
2190 833 2277 864 non
2294 825 2470 864 ctmctos

292 902 394 947 illos
428 907 576 945 tenues
609 905 653 943 et
687 899 1025 956 circumspectos
1057 899 1098 942 vi
1136 933 1145 942 .
1171 932 1181 941 .
1199 931 1211 942 .
1245 896 1499 954 super-affl?
1563 892 1640 942 Ab
1683 893 1776 943 hoc
1818 893 1930 943 loco
1973 895 2167 958 generis
2203 897 2302 953 lati,
2347 895 2472 960 quod

294 996 396 1028 cum
426 981 555 1039 fuso,
590 982 714 1035 teste
747 977 850 1041 ipso
869 974 1147 1034 Quintiliano
1181 972 1271 1035 XI,
1307 973 1355 1033 3,
1390 971 1472 1034 50,
1506 971 1627 1021 idem
1661 982 1748 1034 est,
1783 973 2061 1038 significatio
2094 991 2287 1040 prorsus
2320 975 2473 1025 aliena

293 1058 399 1109 mihi
433 1055 614 1123 quidem
649 1054 857 1116 videtur,
894 1072 1029 1120 quum
1062 1055 1332 1121 praesertim
1367 1052 1491 1118 quod
1523 1052 1639 1103 alias
1659 1053 1763 1104 fieri
1795 1061 1980 1121 potest,
2015 1053 2093 1104 hic
2128 1054 2310 1120 quidem
2342 1054 2393 1105 id
2427 1059 2472 1105 in

295 1137 535 1189 virtutibus
570 1141 801 1185 oratorum
835 1136 945 1200 poni
981 1150 1074 1184 non
1107 1135 1270 1200 possit.
1316 1131 1448 1182 Nihil
1479 1149 1596 1184 vero
1630 1135 1779 1200 aptius
1812 1134 1969 1185 afferri
1987 1138 2171 1201 potest,
2207 1151 2339 1199 quam
2373 1137 2474 1184 istis

295 1216 579 1267 Aeschinem
604 1200 759 1263 ⁸fuisse
780 1214 1002 1274 altiorem,
1037 1213 1368 1274 audentiorem,
1403 1212 1723 1263 excelsiorem.
1776 1215 1939 1278 Itaque
1972 1214 2222 1279 legendum
2259 1217 2473 1281 suspicor

295 1299 449 1354 altior,
486 1295 778 1345 obscuratum
813 1309 872 1343 eo
907 1295 1005 1344 vitii
1040 1308 1241 1359 genere,
1276 1308 1367 1357 quo
1402 1307 1545 1359 saepe
1570 1291 1757 1342 *litteras
1784 1293 1988 1358 singulas
2021 1284 2051 1343 a
2085 1294 2281 1344 librariis
2317 1301 2472 1344 trans-

294 1377 469 1441 positas
506 1388 617 1424 esse
651 1378 858 1423 constat:
902 1375 1034 1423 cuius
1067 1371 1292 1439 permulta
1325 1372 1537 1439 exempla
1569 1372 1652 1423 vel
1687 1389 1806 1422 unus
1839 1374 2094 1424 Vaticanus
2129 1373 2378 1425 Ciceronis
2411 1373 2474 1425 de

294 1471 389 1521 rep.
443 1452 601 1503 codex
652 1452 927 1520 suppeditat.
1013 1453 1172 1519 Atque
1223 1456 1268 1502 in
1319 1453 1534 1520 persimili
1585 1451 1695 1503 loco
1740 1452 1937 1503 Tacitus
1980 1454 2099 1503 Dial.
2134 1452 2203 1502 37
2256 1457 2388 1502 altior
2430 1465 2475 1501 et

294 1536 514 1582 excelsior
548 1535 720 1584 iunxitz
756 1533 875 1584 idem
910 1551 1069 1583 rursus
1106 1549 1148 1583 c.
1187 1532 1252 1583 18
1285 1537 1493 1582 urbanior
1525 1543 1572 1582 et
1596 1538 1739 1583 altior.

1298 1783 1344 1834 S.
1395 1775 1475 1824 45.

571 1930 752 1976 Paucos
777 1930 913 1983 enim,
949 1930 1024 1988 qui
1056 1936 1158 1974 sunt
1190 1928 1536 1983 eminentissimi,
1573 1941 1814 1986 excerpere
1847 1930 1895 1973 in
1929 1927 2072 1973 mimo
2101 1936 2179 1973 est.

293 2099 460 2148 Laudo
495 2098 775 2164 diligentiam
810 2096 1107 2159 Gernhardii,
1154 2100 1231 2163 qui
1264 2097 1387 2148 illam
1419 2098 1664 2149 lectionem
1697 2112 1727 2145 a
1759 2094 2009 2146 Philandro
2041 2095 2294 2163 profectam
2328 2105 2468 2163 atque

292 2178 351 2227 ad
396 2174 729 2229 Frotscherum
782 2194 930 2244 usque
983 2183 1280 2245 propagatam
1322 2178 1490 2229 viderit
1532 2175 1894 2246 posthabendam
1934 2191 2044 2227 esse
2089 2175 2300 2226 codicum
2344 2179 2466 2226 scri-

291 2264 476 2325 pturae,
512 2275 702 2324 quorum
737 2259 928 2326 plurimi,
964 2258 1230 2323 quibuscum
1264 2258 1375 2308 facit
1408 2258 1561 2308 Bamb.
1596 2272 1792 2323 quoque,
1827 2260 1900 2318 qui
1927 2258 2148 2316 omittunt,
2183 2255 2306 2306 unde
2339 2263 2468 2323 patet

291 2339 442 2386 locum
476 2340 705 2402 integrum
737 2355 831 2387 non
866 2354 1001 2397 esse,
1054 2338 1383 2388 restituendum
1425 2354 1541 2388 vero
1587 2353 1680 2403 ope
1725 2351 1821 2386 sec.
1856 2353 1910 2383 m.
1946 2335 2126 2395 Turic.,
2178 2352 2208 2383 a
2241 2353 2332 2399 qua
2365 2347 2468 2384 stem

292 2422 408 2464 em'm
453 2417 709 2466 exhibetur.
777 2418 940 2482 ltaque
993 2425 1123 2467 recte
1168 2417 1507 2466 Gernhardius:
1568 2420 1748 2465 Paucos
1790 2421 1918 2476 [sunt
1960 2419 2073 2463 em‘m
2113 2420 2468 2476 eminentissimi)

292 2513 531 2557 eaecerpere
563 2502 609 2546 in
645 2502 790 2547 animo
819 2507 897 2546 est.
967 2497 1155 2548 Vellem
1189 2513 1305 2548 sane
1354 2498 1545 2548 adesset
1587 2496 1757 2563 copula
1801 2495 1975 2560 aliqua,
2026 2510 2115 2559 qua
2165 2495 2469 2562 praecedenti

292 2579 550 2627 sententiae
584 2578 676 2627 hoc
711 2593 888 2627 comma
908 2583 1189 2639 necteretur,
1223 2578 1371 2627 veluti
1393 2582 1520 2634 enim,
1555 2582 1607 2626 ut
1642 2576 1941 2626 scriberetur:
1976 2578 2153 2624 Paucos
2190 2580 2305 2624 enim
2338 2581 2471 2636 (sum

291 2657 405 2702 enim
439 2659 580 2718 etc.);
632 2662 772 2723 atque
823 2656 1015 2708 alterum
1066 2659 1181 2706 enim
1231 2658 1463 2724 potuisset
1510 2655 1571 2707 ob
1617 2656 1854 2721 sequentis
1888 2653 2097 2721 syllabae
2132 2654 2471 2706 similitudinem

291 2735 430 2784 facile
465 2736 730 2791 oblitterari.
797 2737 908 2786 Hoc
960 2742 1112 2787 tamen
1161 2752 1392 2804 reponere
1443 2753 1533 2786 non
1585 2741 1693 2785 ante
1725 2733 1907 2784 audebo
1943 2750 2074 2797 quam
2109 2735 2319 2786 eiusdem
2352 2738 2471 2784 intra

292 2822 379 2862 tam
398 2812 562 2864 'breve
595 2819 790 2882 spatium
823 2817 1018 2864 iteratae
1052 2816 1307 2882 particulae
1340 2815 1466 2865 aliud
1501 2831 1566 2864 ex
1600 2813 1874 2874 Quintiliano
1907 2813 2093 2864 allatum
2125 2813 2277 2864 fuerit.
2345 2814 2470 2863 Nam

292 2891 473 2952 similis,
517 2909 611 2943 non
645 2894 853 2944 eiusdem
885 2897 1077 2960 generis
1114 2894 1265 2951 ,locus
1308 2901 1384 2945 est
1415 2893 1510 2954 111,
1549 2894 1575 2942 1
1589 2930 1603 2953 ,
1638 2891 1694 2940 3:
1757 2895 1812 2941 In
1862 2898 2021 2941 ceteris
2066 2898 2182 2942 enim
2226 2897 2469 2942 acbrniscere

294 2976 543 3020 tentavimus
576 2977 747 3036 aliquid
775 2980 953 3032 nitoris,
1005 2993 1092 3023 non
1124 2980 1321 3025 ἱαοιαηῶ·
1353 2978 1511 3036 maen&
1542 2977 1686 3033 qratia
1717 2977 1935 3034 [namque
1964 2978 2012 3022 in
2057 2978 2110 3023 id
2141 2977 2246 3034 eliyz'
2281 2979 2466 3022 materia

290 3062 463 3112 poterat
492 3055 690 3115 uberior)
723 3059 807 3103 sed
835 3066 884 3102 ut
929 3062 1019 3104 etc.
